3486 5436
856 410 1065 502 ...L

313 611 411 696 Quod
442 625 571 699 tempus
602 616 792 680 scholiastae
824 616 1008 680 coniectura
1040 617 1083 678 ita
1112 616 1239 696 assequi
1261 616 1463 688 studuerunt,
1497 623 1533 676 ut
1553 614 1609 677 alii

313 726 477 808 Diagorae
498 726 655 807 sacrilegii
677 747 776 790 causa
792 727 1033 809 expeditionem
1057 727 1089 788 in
1112 725 1243 798 Melum,
1266 725 1430 806 Diagorae
1452 726 1603 807 patriam,

312 835 431 900 factam
463 857 533 900 esse
563 837 730 901 crederent
761 836 873 922 [Schol
913 837 997 900 Nub.
1029 857 1059 901 v,
1084 837 1168 919 83o].
1200 835 1250 898 alii
1283 836 1493 919 opinarentur
1527 845 1608 916 post

312 947 434 1009 Melum
467 957 690 1027 expugnatam
726 967 789 1010 una
823 966 902 1024 cum·
931 946 1045 1009 ceteris
1079 947 1216 1027 captivis
1249 945 1426 1026 Diagoram
1457 945 1607 1008 Athenas

313 1057 496 1121 traductum
518 1057 626 1138 ibique
649 1057 785 1120 deorum
808 1064 1068 1136 contemptorem
1098 1054 1219 1118 iactum
1245 1076 1315 1119 esse
1340 1055 1461 1142 [Schol.
1487 1055 1548 1122 Av.
1570 1075 1604 1118 v.

317 1168 426 1250 1073]‚
464 1166 515 1229 alii
552 1167 691 1251 denique
727 1168 893 1230 Ranarum
931 1187 1025 1230 versu
1053 1166 1195 1229 'laudato
1232 1166 1412 1230 concitatos
1452 1175 1607 1249 putarent

312 1276 530 1340 Athenienses
555 1298 627 1339 eum
651 1276 821 1360 expulisse.
868 1276 949 1340 Tres
980 1278 1078 1357 igitur
1102 1285 1232 1340 exstant
1254 1277 1444 1350 sententiae,
1468 1296 1606 1358 quarum

268 1367 270 1374 Ι
313 1407 412 1470 quam
446 1407 555 1450 veram
591 1408 660 1450 esse
695 1389 900 1450 statuendum
936 1389 994 1461 sit,
1032 1388 1217 1450 examinare
1252 1407 1317 1449 non
1349 1395 1498 1449 nostrum
1532 1407 1606 1450 esse

316 1499 451 1563 videtur.
510 1497 595 1561 Satis
633 1498 673 1561 de
709 1507 752 1560 ea'
785 1517 819 1559 re
855 1498 1049 1560 Fritzschius
1088 1498 1181 1580 [Edit.
1222 1499 1304 1563 Ran.
1344 1517 1418 1582 pag.
1462 1495 1534 1582 180]
1571 1505 1606 1558 et

312 1611 334 1673 l.
368 1599 541 1673 Richterus
571 1611 621 1696 [L.
650 1611 666 1673 l.
691 1611 727 1673 ΙΙ.
760 1627 836 1692 pag.
861 1607 916 1692 21]
945 1608 1157 1689 disputarunt.
1214 1608 1287 1671 Hoc
1319 1627 1398 1670 vero
1428 1627 1488 1687 pro
1515 1616 1605 1670 certo

313 1720 387 1784 licet
409 1719 570 1784 affirmare
594 1722 674 1783 duas
698 1718 889 1791 sententiam
922 1737 1006 1799 quae
1029 1717 1120 1779 vanis
1144 1718 1285 1780 nitantur
1307 1717 1509 1790 coniecturis,
1533 1737 1605 1780 esse

300 1829 419 1902 ‚salsas
466 1832 578 1912 ltaque
602 1849 675 1894 cum
699 1831 749 1893 his
781 1827 936 1910 exemplis
968 1828 1153 1902 doceamur,
1186 1847 1282 1908 quam
1316 1827 1418 1890 multa
1448 1827 1606 1890 incautius

314 1951 347 2004 et
368 1950 491 2004 temere
514 1964 532 2005 e
555 1943 754 2004 comicorum
777 1938 885 2002 verbis
909 1939 1111 2021 collegerint,
1142 1939 1205 2001 iam
1228 1937 1449 2022 unusquisque
1472 1937 1604 2014 videbit,

313 2052 391 2135 quid
424 2053 630 2118 statuendum
660 2053 700 2116 sit
729 2052 770 2115 de
799 2050 906 2113 verbis
930 2049 1040 2114 scholii
1063 2071 1093 2117 v.
1120 2051 1199 2130 760:
1233 2045 1296 2132 at'n
1326 2038 1399 2113 d'civ
1427 2071 1461 2112 τι
1490 2066 1604 2131 onpos-

313 2157 446 2244 πραχώς
478 2174 548 2238 τοῖς
582 2157 809 2244 ἑρμοκοπὶδαις
839 2155 1020 2234 ὁΠεισίου,
1042 2157 1170 2236 οἵτινες,
1204 2151 1249 2236 ὡς
1287 2152 1465 2243 Φιλόχορός
1497 2177 1603 2244 φησιν,

315 2268 369 2336 ἐπὶ
392 2271 538 2355 Χαβρίου
559 2263 712 2336 θάνατόν
733 2293 770 2337 τε
792 2269 1071 2356 κατεγνώσθησαν
1099 2271 1154 2334 καὶ
1177 2274 1250 2334 κτλ,
1296 2271 1349 2334 Ex
1379 2271 1457 2355 ipsis
1487 2276 1604 2354 po'e‘tae

313 2382 421 2446 verbis
451 2379 491 2446 Εἰ
521 2372 570 2446 0⁰6
601 2382 734 2448 Πεισίου
761 2381 943 2466 repedatione
972 2395 1040 2460 τοῖς
1071 2379 1199 2465 ἀτίμοις
1229 2379 1289 2457 τὰς
1318 2379 1428 2457 πύλας
1454 2380 1604 2460 βούλεται

315 2512 389 2556 eum
420 2491 517 2554 suisse
546 2491 677 2573 collegit
709 2493 740 2554 in
772 2511 905 2554 numero
936 2491 1266 2573 Hermoeopidarum,
1300 2492 1355 2573 qui
1390 2500 1460 2554 tum
1496 2500 1601 2554 essent

315 2600 454 2665 Athenis
478 2596 594 2685 ἄτιμοι.
637 2587 835 2664 'Coniectura
868 2603 1044 2684 igiturest,
1075 2623 1173 2685 quam
1196 2603 1364 2683 improbat
1385 2601 1537 2664 Koelrius.
1564 2637 1603 2648 -

318 2711 475 2795 Denique,
501 2712 591 2793 quod
615 2712 655 2774 de
678 2711 845 2794 Lysicrate
866 2735 895 2776 v.
923 2728 982 2794 513
1008 2714 1175 2777 nominato
1198 2712 1310 2776 statuit
1332 2713 1464 2794 aliquis:
1502 2702 1603 2786 Οὗτος

317 2819 353 2886 δὲ
381 2821 562 2907 στρατηγὸς
592 2819 724 2906 ἐγένετο
748 2813 933 2908 Ἀθηναίων
955 2824 1099 2910 κλέπτης
1130 2848 1165 2888 τε
1194 2825 1250 2888 καὶ
1278 2826 1472 2908 πανοῦργος,
1503 2821 1603 2884 conie-

316 2942 407 2996 ctura
428 2953 499 2996 esse
521 2934 657 3006 videtur,
682 2952 755 2994 cum
779 2934 831 2996 alii
855 2934 954 3022 aliter·
969 2943 1126 3001 statuant:
1147 2927 1243 3000 Ἔνιοι
1267 2933 1302 2997 δὲ
1324 2925 1483 3017 τραγικὸν
1503 2923 1604 2996 αὐτόν

317 3060 396 3127 φασι
430 3042 579 3129 κλέπτην
612 3044 668 3107 καὶ
703 3035 829 3128 σφόδρα
864 3040 995 3130 ἄσημον.
1047 3047 1160 3127 Neque
1195 3063 1311 3106 causae
1344 3043 1453 3117 latent,
1487 3041 1602 3124 quibus

316 3152 445 3215 adducti
482 3153 562 3215 haec
595 3153 717 3234 opinati
745 3154 807 3218 sint
837 3155 1036 3236 interpretes.
1092 3156 1176 3218 Nam
1204 3173 1279 3217 eum
1314 3173 1387 3218 eum
1418 3145 1602 3238 δωροδόκον

315 3260 413 3324 fuisse
441 3271 539 3345 poeta
567 3264 663 3337 dicat,
693 3263 823 3348 publico
853 3287 986 3330 munere
1009 3267 1192 3348 Lysicrates
1219 3263 1346 3328 videtur
1371 3249 1499 3326 ¹functus
1522 3281 1598 3334 esse,

315 3373 459 3455 quamob
490 3393 558 3435 rem
590 3374 632 3449 is,
666 3374 756 3437 cuius
787 3375 947 3437 sententia
976 3375 1083 3457 priore
1114 3373 1186 3436 loco
1208 3374 1351 3447 affertur,
1382 3393 1458 3436 eum
1489 3373 1598 3435 ducem

316 3481 412 3546 fuisse
433 3484 578 3546 coniecit.
626 3483 692 3548 Sed
714 3502 788 3547 cum
818 3495 861 3546 'ex
884 3484 997 3547 iisdem
1028 3491 1146 3568 poetae
1175 3484 1282 3546 verbis
1311 3483 1436 3548 elucere
1458 3483 1600 3546 videatur

316 3613 389 3657 eum
421 3593 453 3654 in
483 3594 658 3674 tragoediis
687 3595 772 3657 etin
802 3613 897 3657 scena
921 3595 1092 3676 pecuniam
1115 3594 1288 3676 accepisse.
1311 3592 1364 3656 alii
1388 3593 1465 3656 illud
1486 3594 1597 3675 impro-

315 3703 433 3767 barunt
456 3713 488 3766 et
510 3724 584 3766 eum
606 3703 704 3767 suisse
727 3713 907 3767 statuerunt
934 3704 1111 3789 »τραγικὸν
1134 3702 1313 3788 aliaeque
1340 3739 1382 3750 -
1407 3702 1499 3765 Haec
1525 3702 1599 3765 satis

311 3813 377 3877 sint
398 3814 440 3877 de
461 3813 510 3876 his
533 3813 777 3878 scholiastarum
800 3816 1072 3878 annotationibus.
1119 3814 1369 3877 Demonstrasse
1392 3812 1471 3876 mihi
1493 3813 1598 3875 videor

313 3943 475 4006 perpauca
498 3945 515 3985 e
538 3923 625 3988 libris
648 3923 809 3987 historicis
830 3925 1020 3988 scholiastas
1051 3924 1195 3988 attulisse
1226 3933 1259 3986 et
1283 3943 1322 3985 ea
1344 3923 1385 3985 de
1416 3922 1597 3986 hominibus

313 4033 552 4119 illustrioribus3
576 4055 659 4117 quae
684 4035 724 4096 de
754 4035 829 4097 viris
859 4036 1001 4118 alioquin
1025 4034 1168 4098 obscuris
1195 4041 1372 4117 exponunt,
1403 4033 1596 4116 plerumque,

312 4145 464 4226 quoniam
482 4145 686 4208 historiarum
702 4145 876 4226 scriptores
901 4141 977 4204 nihil
995 4142 1032 4204 iis
1053 4142 1307 4224 suppeditabant
1320 4153 1378 4206 aut
1394 4142 1444 4206 his
1461 4142 1597 4206 lontibus

312 4253 504 4345 interpretes
527 4255 572 4316 uti
595 4253 757 4323 nolebant.
782 4275 823 4316 ex
847 4253 925 4335 ipsis
947 4252 1079 4314 comicis
1107 4252 1291 4316 hauserunt.
1340 4253 1376 4314 Id
1406 4272 1484 4315 vero
1508 4251 1597 4315 nobis

311 4363 467 4427 eiusmodi
501 4365 757 4427 coniecturarum
791 4363 944 4426 indicium
979 4372 1040 4436 est,¹
1071 4363 1160 4444 quod
1195 4363 1386 4446 plerumque
1418 4362 1595 4446 complures

308 4475 486 4538 sententiae
511 4474 685 4538 afferuntur
708 4475 789 4538 inter
812 4495 845 4536 se
870 4475 1089 4554 discrepantes
1112 4482 1145 4535 et
1168 4474 1259 4546 tales,
1285 4493 1369 4555 quae
1393 4493 1467 4536 cum
1485 4478 1597 4556 poe'tae

308 4585 415 4650 verbis
439 4585 522 4649 bene
550 4585 745 4653 conveniant
775 4595 806 4652 et
838 4605 879 4650 ex
911 4584 947 4648 iis
978 4583 1083 4668 colligi
1113 4586 1246 4667 possint.
1293 4585 1459 4668 Quoniam
1490 4593 1597 4653 autem
