3486 5436
753 351 823 487 '36

158 622 303 685 firmasse
325 643 429 705 neque
462 623 588 686 firmare
621 627 765 705 potuisse
797 633 925 705 praeter
946 623 994 696 id,
1025 624 1115 706 quod
1147 632 1253 686 exstet
1288 625 1453 687 nostruin

158 733 300 800 scholio:
325 735 396 798 aul.
421 731 494 818 γὰρ
517 726 614 810 οὗτος
630 731 683 798 ἐπὶ
698 728 888 819 σμικρότητι
904 729 970 800 ὑπὸ
990 734 1201 820 Ἰήλεκλεὶδου
1215 727 1454 818 κεκωμῴδηται
1565 771 1567 776 ·
1590 733 1592 736 ’
1730 731 1735 824 '3

158 847 233 909 κτλ.
279 843 363 907 Nam
379 843 459 907 haec
483 844 582 907 verba
598 856 824 925 argumentum
839 865 913 910 ,esse
929 847 1107 909 sententiae
1123 866 1201 908 suae
1217 845 1452 927 Symmachum

157 955 300 1018 voluisse
317 955 458 1018 dilucide
481 956 623 1018 ostendit
640 954 716 1017 illud
740 957 796 1020 καὶ
819 954 889 1039 γάρ.
940 953 1005 1017 Sed
1028 965 1255 1038 argumentum
1279 967 1338 1029 est,
1363 957 1452 1040 quod

158 1065 236 1128 nihil
270 1065 366 1131 valet.
412 1066 497 1128 Nam
527 1086 568 1128 ex
595 1087 635 1128 ea
668 1088 711 1141 re,
745 1068 834 1149 quod
865 1077 897 1128 et
928 1067 1143 1148 Asopodorus
1174 1078 1207 1130 et
1235 1065 1452 1130 Tharrhalidis

157 1175 241 1239 filius
272 1176 317 1239 ob
349 1176 501 1256 exiguam
526 1179 672 1259 corporis
695 1187 852 1241 staturam
876 1178 1058 1251 irridentur,
1090 1177 1237 1262 prolecto
1264 1197 1330 1240 non
1360 1175 1452 1239 effici·

157 1297 224 1361 tur,
258 1297 294 1350 ut
316 1289 386 1369 ipse
409 1287 626 1370 Asopodorus
648 1286 730 1350 filius
752 1287 974 1350 Tharrhalidis
995 1289 1043 1350 sit.
1090 1288 1206 1370 Neque
1229 1288 1363 1350 omnino
1385 1307 1451 1349 cor·

157 1399 246 1481 poris
277 1399 439 1479 exiguitas
468 1397 701 1480 perstringitur,
734 1399 791 1462 sed
822 1398 1001 1481 loquacitas
1030 1397 1082 1459 filii
1105 1396 1334 1471 Tharrhalidis,
1366 1417 1450 1471 cum,

157 1518 194 1571 ut
228 1519 318 1570 recte
347 1507 491 1570 Kockius
521 1519 647 1581 monet,
680 1529 745 1571 non
778 1509 922 1588 corporis
957 1509 1135 1589 exiguitate
1164 1508 1221 1569 sed
1254 1507 1452 1589 loquacitate

157 1618 353 1681 monedulae
370 1619 510 1698 insignes
533 1619 606 1685 sint.
623 1621 644 1701 ¹)
691 1618 799 1700 Quam
822 1619 956 1682 obrem
979 1619 1105 1681 Kockio
1122 1617 1311 1699 Symmachi
1326 1627 1450 1681 seuten-

154 1729 234 1791 tiam
256 1749 366 1791 veram
391 1748 460 1790 esse
485 1728 682 1790 existimanti
703 1729 850 1791 assentiri
875 1749 940 1791 non
964 1748 1107 1811 possum.
1135 1767 1177 1776 --
1199 1729 1328 1792 Pariter
1352 1737 1450 1810 atque

155 1841 187 1900 in
211 1839 262 1902 his
285 1838 416 1901 scholiis
439 1839 632 1901 scholiastae
657 1839 739 1901 inter
766 1860 801 1902 se
830 1839 1022 1903 dissentiunt
1045 1842 1074 1902 in
1100 1839 1198 1903 schol.
1221 1860 1250 1901 v.
1281 1855 1361 1919 1073
1386 1840 1464 1901 iam.

154 1969 232 2032 pag.
274 1966 312 2029 31
354 1948 494 2012 laudato.
552 1949 636 2010 Nam
675 1950 730 2026 de¹
750 1949 1000 2013 Atheniensium
1039 1953 1070 2013 in
1105 1950 1283 2032 Diagoram
1318 1949 1450 2013 decreto

154 2060 289 2140 quidem
324 2078 437 2120 omnes
468 2080 485 2121 e
517 2059 682 2121 Melanthii
708 2068 740 2121 et
761 2058 883 2122 Crateri
914 2060 1001 2122 libris
1032 2061 1118 2122 idem
1150 2060 1290 2133 tradunt,
1322 2059 1379 2121 sed
1410 2059 1452 2121 de

179 2179 344 2252 tempore.
369 2187 435 2249 quo
458 2167 580 2231 lactum
602 2170 729 2231 sithoc
752 2169 928 2244 decretum,
954 2171 985 2233 in
1010 2171 1154 2232 diversas
1184 2169 1360 2230 sententias
1390 2169 1447 2230 dis·

157 2281 285 2352 cedunt,
310 2299 384 2342 curn
409 2273 491 2341 unus
506 2279 696 2341 scholiastes
719 2279 782 2341 hoc
806 2278 969 2360 aliquanto
992 2291 1068 2363 post
1083 2280 1203 2342 Melum
1227 2289 1450 2360 expugnatam

157 2389 276 2452 lactum
299 2409 371 2450 esse
393 2396 518 2451 statuat
541 2379 659 2470 [Οὗτος
672 2386 755 2471 μετὰ
778 2387 841 2471 τήν
865 2377 991 2467 ἅλωσιν
1005 2390 1122 2474 Μήλου
1138 2381 1217 2473 ᾤκει
1240 2386 1276 2452 ἰν
1289 2378 1450 2472 Ἀθήναις,

156 2497 199 2564 τὰ
223 2497 257 2562 rie
280 2498 442 2582 μυστήρια
466 2495 638 2582 ηὐτέλιζεν
659 2496 742 2581 atil,
766 2498 846 2560 alius
867 2500 984 2561 eodem
1007 2500 1073 2563 lere
1089 2509 1247 2582 tempore,
1264 2518 1330 2580 quo
1347 2497 1450 2560 Melos

156 2619 346 2692 expugnata
376 2609 427 2681 sit,
457 2609 635 2690 Diagoram
667 2609 805 2670 eiectum
841 2605 912 2670 e‘sse
946 2611 1096 2690 opinetur
1122 2587 1387 2694 ’[Ἑκκεκήρακται
1415 2606 1450 2671 di

154 2719 297 2806 priliaco
327 2714 394 2782 iuro
424 2717 486 2801 τήν
513 2708 640 2782 ἅλωσιν
663 2727 723 2802 τῆς
746 2718 883 2801 Miloni.
931 2719 1018 2781 Ante
1042 2719 1282 2801 expeditionem
1313 2717 1446 2780 veroin

154 2831 276 2894 Melum
302 2827 438 2890 insulam
455 2827 571 2891 factam
595 2828 811 2892 Athenienses
835 2829 898 2890 hoc
922 2830 1103 2891 decrevisse
1126 2829 1152 2889 is
1170 2836 1280 2908 aperte
1296 2825 1445 2899 affirmat,

155 2943 208 3022 qui
243 2941 275 3002 in
309 2938 409 3003 schol.
447 2939 531 3004 Nub.
556 2960 585 3000 v.
613 2942 678 3016 830
702 2930 991 3024 dicityrlroydpne
1025 2934 1044 3002 ὁ
1078 2937 1212 3020 Μήλιος,
1247 2932 1283 3011 ὃς
1317 2935 1356 3000 τὸ
1388 2934 1449 3018 μὲν

155 3045 319 3134 πρότερον
349 3041 389 3132 ἦν
412 3047 573 3131 θεοσεβὴς,
605 3047 893 3132 παρακαταθήκην
920 3047 954 3112 δὲ
988 3040 1052 3112 ὑπό
1085 3069 1174 3122 τινος
1202 3043 1449 3130 ἀποστερηθεὶς,

156 3159 209 3226 ἐπὶ
239 3159 280 3226 τὸ
310 3153 409 3236 ἄθεος
438 3153 521 3222 εἶναι
551 3157 737 3243 ἐξέδραμεν,
770 3148 822 3238 ἐφ’
853 3147 881 3242 ᾧ
913 3156 943 3222 oi
969 3149 1135 3243 Ἀθηναῖοι
1164 3153 1450 3240 ἀγανακτήσαντες

157 3271 219 3357 τήν
253 3274 374 3354 Μῆλον
407 3267 588 3334 ἐκάκωσαν.
636 3269 787 3350 Denique
820 3269 852 3329 in
885 3269 986 3331 schol.
1020 3269 1100 3330 Ran.
1135 3288 1165 3332 v.
1203 3283 1267 3348 320
1300 3267 1451 3348 opinatur

158 3382 291 3465 quidam
315 3381 380 3443 hoc
403 3380 567 3442 Ranarum
588 3399 682 3440 versu
706 3377 960 3461 Aristophanem
982 3379 1199 3442 Athenienses
1222 3378 1389 3450 excitasse,
1416 3385 1451 3438 ut

159 3494 189 3556 in
206 3493 388 3572 Diagoram
406 3487 699 3553 animadverterent
726 3480 897 3573 [Άνακινεῑ
917 3480 978 3552 οὖν
1002 3487 1078 3567 τούς
1099 3480 1290 3574 Ἀθηναίους
1312 3482 1331 3550 ὁ
1353 3509 1451 3569 κωμι·

158 3596 224 3680 κός.
250 3596 334 3666 ὅθεν
357 3602 413 3664 καὶ
435 3597 465 3664 ol
479 3590 644 3683 Asanam
673 3594 718 3676 ὡς
742 3599 1010 3682 διαχλευάζοντος
1041 3598 1117 3676 τοὺς
1141 3595 1240 3674 θεοὺς
1264 3613 1452 3681 καταψηφι-

158 3711 293 3796 σάμενοι
321 3707 526 3794 ἀνεκήρυξαν
553 3714 604 3794 τῷ
631 3709 691 3792 μὲν
718 3707 930 3793 ιἰναιρήσοντι
959 3711 1042 3792 atil.
1098 3707 1128 3768 ls
1156 3706 1270 3788 igitur,
1303 3704 1357 3788 qui
1388 3702 1452 3765 hoc

158 3823 246 3894 dicit,
279 3821 458 3901 Diagoram
490 3830 557 3882 tum
587 3821 717 3883 demum
747 3830 823 3903 post
846 3840 966 3884 annum
988 3819 1054 3896 406
1077 3827 1140 3879 ant.
1166 3813 1239 3880 Chr.
1270 3823 1335 3878 nat.
1360 3821 1454 3895 putat

158 3936 301 3998 eiectum
334 3951 412 3993 esse.
467 3930 578 4014 ltaque
607 3930 688 3992 alios
722 3932 786 3993 alio
817 3931 966 3993 videmus
996 3939 1146 4011 tempore
1176 3925 1361 3989 existimare
1390 3919 1454 3986 hoc

159 4044 286 4107 sactum
310 4061 389 4104 esse.
436 4040 510 4120 Qua
534 4061 568 4101 re
589 4041 756 4103 coniecere
786 4040 860 4102 licet
883 4039 1050 4103 Craterum
1075 4036 1352 4117 Melanthiumque
1373 4033 1455 4095 edic-

159 4166 232 4218 tum
270 4151 402 4236 quidem
431 4127 610 4214 'tradidisse
648 4171 754 4232 neque
790 4171 868 4212 vero
906 4149 1063 4231 temporis
1101 4147 1258 4209 rationem
1295 4142 1455 4206 habuisse.

273 4330 292 4394 ¹)
311 4332 375 4381 Fieri
394 4347 495 4395 quoque
518 4339 615 4396 potest,
642 4337 669 4379 ut
693 4330 796 4380 omnino
822 4345 871 4378 non
891 4329 923 4378 sd
951 4329 1029 4378 filium
1049 4325 1236 4385 Thanhalidis,
1262 4324 1306 4372 sed
1325 4321 1458 4386 adipsum

157 4423 358 4478 Tharthalidem
377 4423 445 4473 iocus
464 4423 600 4488 pertineat,
626 4421 653 4470 id
672 4411 740 4487 quod
765 4422 841 4470 etiarn
859 4421 1006 4471 scholiastes
1024 4419 1115 4484 niquis
1141 4416 1282 4482 significat,
1307 4428 1364 4464 cum
1390 4412 1459 4472 dicit,

155 4521 276 4580 Μήποτε
303 4505 364 4578 οὖν,
392 4519 473 4580 «prol,
499 4507 570 4564 κατα
597 4520 771 4582 περίφρασιν
796 4516 888 4582 εἴρηκε
918 4513 1112 4582 Θαρριιλείθοο
1138 4504 1268 4572 κολοιόν,
1295 4506 1324 4558 ἐν
1350 4507 1401 4578 lup
1422 4508 1460 4580 rui

158 4606 368 4682 Ooggoleldrs.
388 4604 418 4668 ὅς
436 4606 494 4662 ἔστι
514 4603 676 4672 κιλοιώσης.
