3486 5436
907 495 939 538 11

819 567 1031 577 -.-.—.-..-.-

276 687 465 752 εἰσιόντα
488 685 609 770 §uergat
632 687 693 752 τὸν
721 689 858 773 οἰκέτην.
911 691 996 752 Nam
1026 691 1159 754 minime
1187 691 1410 755 Peithetaerus
1444 713 1577 761 scenam

278 799 426 877 relinquit
463 818 569 878 neque
603 819 677 860 eum
715 798 803 860 abire
842 820 906 861 uno
943 801 1044 862 verbo
1083 802 1290 882 significatur.
1347 805 1443 869 Unde
1479 805 1579 886 igitur

277 907 466 970 scholiastes
489 907 552 969 hoc
576 907 726 988 collegit?
772 910 905 972 Evoce
928 908 1055 1001 agrippa,
1081 912 1205 992 opinor,
1231 915 1282 975 cui
1307 935 1380 976 cum
1410 917 1473 976 hoc
1505 915 1579 978 loco

277 1019 326 1079 vis
349 1016 501 1078 incitandi
525 1017 591 1098 (csr.
616 1018 719 1083 Kock.
745 1019 786 1080 ad
810 1018 893 1084 hv.
919 1021 1045 1101 annot.)
1070 1021 1152 1093 insit,
1186 1023 1337 1085 avolandi
1368 1025 1434 1085 vim
1466 1027 1578 1106 (quam

268 1127 398 1190 'habere
430 1136 548 1208 potest.
585 1127 648 1189 Cir.
686 1127 782 1191 Hom.
819 1129 879 1192 Od.
918 1147 972 1203 12,
1004 1131 1081 1212 221)
1117 1131 1220 1192 inesse
1267 1133 1376 1213 inepte
1404 1125 1579 1196 credidisse

276 1237 411 1300 videtur.
438 1277 478 1284 -
502 1237 605 1298 Multa
627 1238 733 1318 igitur,
759 1247 794 1300 ut
817 1239 891 1300 huic
914 1241 1095 1322 quaestioni
1120 1241 1216 1303 finem
1248 1242 1419 1317 faciamus,
1453 1233 1578 1324 optime

276 1348 424 1410 videmus
447 1367 465 1408 a
489 1347 669 1410 scholiastis
692 1349 880 1428 excogitata
908 1358 941 1411 et
970 1350 1068 1431 digna
1092 1371 1180 1427 esse,
1210 1372 1296 1434 quae
1318 1373 1338 1414 a
1362 1353 1456 1415 nobis
1480 1355 1579 1436 respi-

277 1459 408 1530 ciantur,
431 1457 564 1542 saepius
587 1477 713 1520 rursum
738 1478 794 1519 eos
819 1467 941 1522 temere
965 1477 1002 1525 ac
1026 1480 1141 1541 parum
1165 1461 1334 1542 diligenter
1365 1483 1433 1524 rem
1458 1463 1578 1543 egisse.

894 1763 911 1842 l
937 1776 963 1836 3·

422 1932 497 2030 oua
525 1931 658 2013 ratione
687 1932 719 2011 in
748 1931 913 2033 paradas
941 1933 1157 2018 scholiastae
1186 1933 1427 2038 inquisiverint.

381 2123 497 2185 Artem
537 2123 678 2185 criticam
716 2141 865 2184 exercere
902 2132 935 2184 et
969 2143 1019 2184 res
1052 2125 1083 2186 in
1113 2146 1210 2187 scena
1233 2135 1322 2188 actas
1351 2125 1581 2190 clabularum

275 2232 383 2294 verbis
414 2233 580 2295 enucleare
605 2251 670 2294 uon
691 2231 795 2293 solum
821 2234 1062 2296 comoediarum
1087 2235 1269 2318 interpretis
1290 2236 1347 2296 sed
1377 2235 1474 2296 etiam
1507 2235 1582 2296 eius

275 2351 336 2416 est,
358 2343 414 2426 qui
437 2341 622 2422 tragoedias
644 2351 781 2406 tractare
815 2343 960 2405 instituit.
1010 2343 1093 2408 Sunt
1116 2365 1195 2407 vero
1217 2344 1279 2406 alia
1311 2365 1446 2407 munera
1478 2345 1581 2406 comi-

274 2473 386 2514 corum
410 2453 593 2534 interpretis
616 2452 756 2532 propria,
782 2473 921 2534 quorum
946 2453 977 2514 in
1002 2475 1137 2518 numero
1168 2463 1217 2516 est
1249 2455 1455 2535 parodiarum
1489 2455 1579 2516 iuve-

274 2562 413 2644 stigatio.
460 2561 612 2623 Parodias
627 2561 742 2642 igitur,
768 2561 886 2640 quibus
915 2572 1041 2627 constat
1063 2563 1289 2646 Aristophanis
1321 2563 1444 2626 fabulas
1473 2563 1576 2625 abun·

275 2673 360 2744 dare,
386 2692 462 2734 num
484 2681 570 2733 recte
594 2670 844 2750 significaverint
867 2673 1069 2748 scholiastae,
1095 2694 1214 2754 magna
1238 2673 1332 2735 nobis
1362 2673 1463 2734 oritur
1487 2693 1577 2736 nunc

275 2782 432 2865 quaestio,
467 2802 551 2863 quae
590 2789 622 2843 et
656 2781 844 2860 gravissima
878 2791 910 2844 et
944 2783 1129 2846 difficillima
1163 2792 1227 2855 est,
1270 2782 1458 2862 praesertim
1500 2804 1579 2846 cum

272 2898 442 2971 poctarum
481 2891 580 2953 verba
616 2891 659 2953 ab
687 2890 907 2975 Aristophane
941 2893 971 2954 in
1003 2895 1084 2955 risus
1115 2893 1241 2955 deflexa
1265 2893 1454 2976 plerumque
1480 2893 1579 2955 nobis

273 3021 337 3074 non
365 3010 492 3062 servata
524 3002 596 3066 sint.
620 3033 623 3040 ·
649 3001 763 3082 ltaque
794 3011 940 3064 nostrum
976 3004 1036 3065 erit
1069 3025 1086 3064 e
1117 3003 1362 3064 scholiastarum
1394 3003 1576 3075 sententiis,

273 3131 353 3194 quas
381 3110 421 3172 de
457 3111 493 3171 iis
531 3111 610 3173 locis
644 3110 795 3183 tulerunt,
832 3112 873 3173 de
908 3089 1026 3195 quibus
1050 3114 1148 3175 etiam
1172 3113 1267 3174 nobis
1298 3121 1421 3173 certum
1452 3110 1577 3190 aliquid

272 3220 411 3282 iudicare
435 3220 518 3293 licet,
543 3221 713 3301 diligenter
737 3221 890 3302 inspectis
913 3223 1003 3304 quasi
1036 3222 1198 3304 quandam
1231 3241 1380 3283 normam
1409 3221 1576 3284 iudicandi

272 3331 430 3410 colligere,
457 3339 492 3391 ut
514 3331 555 3392 ad
580 3349 651 3392 eam
676 3340 783 3392 cetera
815 3332 919 3392 minus
951 3333 1121 3413 perspicua
1148 3331 1333 3394 referamus.
1382 3331 1575 3413 Antequam

270 3449 378 3503 autem
403 3440 444 3502 ad
469 3459 537 3502 rem
561 3439 664 3519 ipsam
687 3447 865 3513 transeam,
901 3441 942 3502 de
963 3441 1119 3522 parodiae
1143 3451 1258 3503 natura
1280 3450 1379 3523 atque
1403 3441 1434 3501 vi
1468 3461 1577 3522 pauca

272 3550 421 3612 videntur
460 3549 706 3628 praemonenda
740 3571 820 3612 esse.
876 3550 1013 3612 Parodia
1044 3551 1076 3612 id
1114 3551 1318 3633 potissimum
1357 3559 1499 3628 spectat,
1537 3560 1576 3612 ut

271 3661 369 3722 risum
393 3667 531 3721 moveat.
587 3658 700 3739 Neque
728 3659 898 3740 igiturest
925 3659 1005 3721 alius
1029 3667 1148 3743 poetae
1171 3662 1346 3722 verborum
1376 3660 1481 3721 ieiuna
1505 3659 1573 3722 imi·

270 3769 349 3830 tatio
373 3768 423 3830 vel
440 3769 600 3849 repetiti0,
625 3769 683 3829 sed
699 3770 800 3830 verba
821 3777 877 3830 aut
894 3769 938 3832 ita
954 3778 1119 3831 mutantur
1142 3779 1198 3832 aut
1214 3771 1245 3832 in
1261 3769 1358 3832 alium
1376 3778 1571 3831 contextum

270 3877 511 3948 transferuntur,
548 3886 583 3939 ut
617 3877 678 3939 hac
714 3880 893 3940 mutatione
926 3879 1047 3960 aliquid
1087 3880 1209 3942 ridiculi
1249 3879 1385 3941 eveniat.
1444 3879 1574 3941 Deinde

271 4009 335 4050 non
364 4007 493 4072 semper
523 3996 611 4048 certa
643 3987 742 4049 verba
770 3988 906 4070 parodia
940 3998 1129 4072 carpuntur,
1161 3989 1218 4050 sed
1248 3988 1378 4070 saepius
1401 3987 1446 4061 fit,
1472 3997 1507 4049 ut
1529 3989 1573 4050 ad

270 4106 376 4161 totum
420 4098 576 4160 orationis
612 4097 754 4160 colorem
791 4117 973 4176 sonumque
1015 4100 1150 4178 parodia
1188 4099 1358 4180 pertineat.
1419 4097 1573 4180 Denique

270 4193 507 4286 Aristophanes
537 4228 575 4270 ea
605 4208 810 4289 potissimum
840 4207 938 4288 petit,
970 4227 1055 4288 quae
1076 4209 1118 4270 ab
1149 4207 1217 4269 aliis
1247 4208 1364 4269 vitiose
1387 4205 1439 4267 vel
1462 4206 1574 4288 inepte

270 4317 356 4378 dicta
377 4325 483 4390 erant,
509 4325 608 4398 atque
641 4338 681 4378 ea
704 4317 748 4379 ita
771 4318 943 4397 vituperat,
969 4324 1004 4379 ut
1036 4338 1075 4380 ea
1098 4327 1155 4380 aut
1180 4319 1222 4380 ad
1246 4317 1345 4379 risum
1369 4317 1573 4379 movendum

270 4435 450 4490 commutet
488 4436 543 4490 aut
572 4436 698 4509 repetat
720 4435 856 4500 tantum,
887 4446 961 4488 cum
989 4427 1052 4498 iam
1084 4449 1143 4510 per
1173 4449 1208 4490 se
1237 4427 1315 4490 satis
1344 4426 1407 4488 siut
1428 4425 1572 4495 ridicula.

270 4538 306 4598 Id
329 4557 416 4608 vero,
442 4545 477 4599 ut
501 4537 617 4599 iterum
640 4536 756 4610 dicam,
781 4555 911 4619 semper
935 4539 1092 4600 memoria
1115 4539 1291 4604 tenendum
1322 4546 1371 4599 est
1401 4537 1574 4616 parodiam

269 4665 399 4727 semper
422 4647 453 4707 in
475 4666 511 4706 se
534 4645 654 4729 aliquid
676 4647 799 4708 ridiculi
822 4647 951 4709 habere.
995 4647 1093 4726 Quod
1124 4650 1150 4710 si
1181 4669 1245 4711 non
1276 4649 1375 4720 inest,
1409 4647 1473 4708 iam
1505 4667 1574 4710 non
