3486 5436
739 504 781 568 34

658 579 869 592 —-———-—-

137 697 238 786 Χαῖρις
259 693 354 778 οὗτος
375 699 564 785 κιθαρῳδός
587 702 641 766 καὶ
663 697 811 787 αὐλῳδὸς
841 709 979 785 φαῦλος,
1009 714 1123 768 contra
1153 704 1184 768 in
1215 705 1314 770 schol.
1337 706 1407 770 Pac.

134 827 158 872 ν.
178 827 255 892 951:
281 817 353 880 Τῶν
375 812 447 892 περὶ
471 809 533 886 τὰς
556 813 675 887 θυσίας
696 809 850 898 αὐλητῶν
872 809 913 898 ἢν
935 809 1094 898 ὁΧαὶρις.
1118 809 1158 899 ἦν
1181 814 1214 880 di
1227 816 1281 880 καὶ
1303 811 1410 899 ἕτερος

131 921 308 1008 κιθαρῳδός.
353 923 449 988 Unde
480 933 550 986 orta
581 933 631 986 est
658 922 738 986 haec
769 924 1006 1007 repugnantia?
1033 924 1099 988 Cur
1127 926 1210 988 duos
1233 924 1410 988 Chaerides

132 1027 224 1106 luisse,
247 1033 380 1098 alterum
404 1034 626 1098 citharoedum
649 1034 785 1098 alterum
806 1036 973 1098 tibicinem
1004 1034 1173 1098 contendit
1199 1034 1407 1100 scholiastes?

132 1137 224 1206 Causa
245 1143 412 1208 manifesta
444 1155 503 1207 est.
550 1144 635 1224 Quia
664 1144 872 1208 Pherecrates
897 1147 929 1207 in
957 1165 1052 1208 versu
1082 1164 1179 1226 supra
1207 1146 1338 1210 laudato
1368 1146 1409 1209 de

131 1248 273 1318 Chaeride
304 1255 495 1318 citharoedo
522 1253 673 1334 loquitur,
711 1255 800 1339 apud
834 1255 1088 1339 Aristophanem
1122 1276 1200 1320 vero
1223 1255 1267 1320 ll.
1292 1256 1336 1321 ll.
1368 1258 1409 1320 de

130 1361 245 1428 tibicine
267 1365 426 1429 Chaeride
448 1384 556 1429 sermo
579 1375 637 1438 est,
664 1387 735 1428 earn
759 1365 804 1428 ob
827 1385 958 1430 causam
992 1368 1188 1430 existimavit
1216 1367 1313 1432 alium
1337 1387 1409 1430 esse

131 1471 343 1560 Aristophanis
359 1473 551 1539 Chaeridem
574 1476 738 1540 tibicinem
763 1477 860 1539 alium
876 1477 1079 1540 Pherecratis
1094 1475 1288 1542 Chaeridem
1309 1476 1406 1540 citha·

130 1585 260 1648 roedum.
307 1585 381 1648 Hoc
403 1605 481 1649 vero
504 1606 580 1649 eum
610 1607 782 1669 perperam
813 1588 989 1650 coniecisse
1022 1607 1119 1650 nemo
1149 1588 1298 1670 negabit;
1332 1607 1408 1650 nam

130 1694 253 1770 primum
276 1696 330 1777 qui
354 1694 473 1759 fidibus
496 1697 653 1772 didicerit,
680 1718 754 1760 eum
785 1699 867 1760 scire
892 1699 990 1761 etiam
1022 1698 1110 1761 tibiis
1141 1718 1255 1762 canere
1286 1718 1344 1781 per
1373 1719 1410 1760 se

129 1804 281 1880 probabile
312 1814 372 1879 est,
401 1815 470 1869 turn
500 1816 533 1870 et
555 1806 705 1871 Chaeridi
729 1807 928 1872 Pherecratis
952 1819 985 1872 et
1009 1807 1157 1872 Chaeridi
1182 1807 1409 1892 Aristophanis

128 1910 204 1977 idem
225 1915 371 1990 obicitur,
395 1925 530 1998 uterque
553 1918 658 1980 malus
679 1920 821 1980 musicus
845 1929 903 1992 est,
928 1921 995 1981 sive
1019 1918 1175 1982 citharam
1205 1919 1272 1983 sive
1294 1918 1407 1981 tibiam

128 2025 200 2086 rnale
221 2035 359 2089 exercet.
406 2026 514 2106 Quam
538 2027 583 2090 ob
599 2047 666 2090 rem
681 2028 704 2094 l.
721 2029 894 2092 Richterus
905 2029 928 2113 1γ
952 2049 1084 2112 quoque
1101 2049 1200 2091 unum
1215 2029 1407 2094 Chaeridem

127 2136 275 2198 exstitisse
297 2136 469 2211 existimat,
494 2139 548 2222 qui
572 2148 605 2200 et
627 2138 747 2201 tibicen
770 2149 804 2201 et
827 2140 1033 2206 citharoedus
1059 2139 1161 2202 luerit.
1210 2138 1274 2205 cfr.
1307 2141 1407 2203 etiam

125 2241 169 2312 W.
192 2245 347 2312 Ribbeck.
371 2246 458 2310 Edit.
481 2246 621 2310 Acharn.
646 2249 734 2331 Lips.
763 2252 845 2327 1864
868 2269 936 2332 pag
962 2267 1033 2328 191.

221 2355 273 2418 Ad
297 2357 397 2420 verba
419 2377 448 2419 v.
473 2374 540 2435 440
561 2377 616 2439 sq:
649 2357 835 2443 [διαθήκην]
866 2354 971 2442 ἥνπερ
994 2355 1012 2422 ὁ
1034 2361 1178 2443 πίθηκος
1207 2362 1251 2442 τῇ
1274 2361 1407 2442 γυναικὶ

125 2463 252 2537 όιέθετο,
284 2461 303 2530 ὁ
335 2464 582 2550 μαχαιροποιός,
617 2468 697 2552 μήτε
725 2467 860 2533 δάκνειν
890 2472 960 2534 κτλ.
991 2470 1055 2532 hoc
1086 2479 1193 2532 exstat
1226 2469 1401 2533 scholium:

123 2573 299 2658 Σύμμαχος·
317 2574 507 2641 Αἰσωπείου
531 2575 629 2661 λόγου
651 2575 838 2661 ἢτοιοότου
861 2578 952 2655 τινὸς
975 2576 1058 2644 ἔοικε
1072 2583 1265 2662 μεμνῆσθαι.
1291 2580 1406 2643 Καλλί-

122 2701 253 2766 στρατος
286 2685 320 2750 dt
353 2684 513 2752 τοσοῦτόν
546 2703 655 2770 φησιν,
689 2684 726 2750 ἐκ
759 2687 970 2772 όιηγηματίου
1003 2687 1095 2764 τινὸς
1129 2685 1311 2752 είλκύσθαι.
1350 2689 1407 2753 καὶ

123 2794 263 2878 Δίδυμος,
286 2789 337 2860 ὅτι
360 2793 492 2881 αἰσχρός
513 2820 565 2874 τις
586 2791 627 2882 ἦν
650 2797 713 2883 τὴν
736 2793 815 2881 ὄψιν
837 2805 978 2880 συνεχῶς
1000 2801 1042 2880 τῇ
1063 2799 1195 2881 γυναικὶ
1217 2797 1404 2882 διαπληκτι·

117 2903 251 2988 ζόμενος,
276 2905 434 2971 συνέθετο
456 2903 509 2971 ίπὶ
526 2909 635 2987 φίλων
656 2907 736 2991 μήτε
758 2906 897 2973 τύπτειν
918 2911 982 2972 κτλ
996 2957 1091 2973 .....
1117 2903 1200 2972 ἔοικε
1223 2907 1257 2972 δὲ
1283 2908 1400 2972 Παναί-

117 3035 184 3078 τιον
207 3014 389 3098 κωμῳδεῖν,
413 3011 453 3080 όν
475 3018 531 3081 καὶ
562 3015 598 3081 ίν
621 3017 740 3101 Νήσοις
769 3015 984 3082 »καταλιπὼν
1013 3019 1195 3082 Παναίτιον
1223 3018 1401 3101 πίθηκονε.

115 3121 192 3188 ἔνθα
216 3125 273 3190 καί
294 3127 448 3210 μαγείρου
478 3127 604 3211 πατρὸς
627 3123 732 3192 αὐτὸν
761 3126 853 3210 λέγει.
882 3128 1031 3212 πίθηκον
1063 3126 1097 3190 δὲ
1129 3122 1234 3192 αὐτόν
1256 3120 1326 3190 εἷπε
1349 3124 1403 3190 διὰ

115 3233 152 3298 τό
172 3216 372 3319 πανυόργαν.
387 3234 621 3322 μαχαιροποιόν
643 3237 678 3302 de
694 3236 754 3300 τὸν
768 3238 925 3321 μαχαίρας
947 3234 1165 3320 ἐργαζόμενον
1180 3230 1225 3313 ὡς
1239 3239 1402 3319 μάγειρον.

114 3347 165 3410 καί
189 3342 254 3429 γὰρ
278 3343 315 3411 ἐν
336 3347 456 3429 Νὴσυις
476 3348 631 3432 μαγείρου
660 3346 787 3431 πατρὸς
815 3343 919 3412 αὐτόν
941 3364 1049 3431 φησιν.
1083 3342 1182 3430 lieni
1205 3342 1327 3412 αὐτόθι
1349 3368 1404 3428 μα-

113 3453 303 3540 γαιροποιόν
333 3475 442 3543 φησιν.
478 3494 517 3506 -
547 3450 675 3534 Ἄλλως.
708 3452 927 3533 ὁΠαναίτιος
956 3459 1110 3542 μάγειρος
1139 3456 1322 3542 μικροφυής
1355 3449 1404 3539 ἦν.

112 3566 217 3642 Miror,
254 3568 344 3650 quod
379 3567 463 3631 hanc
501 3569 693 3631 sententiam
731 3568 914 3647 interpretis
952 3568 1085 3630 alicuius
1124 3577 1158 3631 et
1192 3565 1338 3630 Kockius
1373 3576 1407 3629 et

113 3677 309 3741 Meincekius
332 3675 437 3763 [Com.
463 3678 500 3752 ΙΙ,
520 3695 548 3752 ε,
565 3698 641 3761 pag.
671 3679 767 3762 1111]
790 3680 859 3741 sine
882 3678 945 3742 ulla
968 3678 1172 3741 dubitatione
1194 3677 1296 3740 secuti
1321 3686 1405 3751 sunt,

221 3857 279 3922 ¹)l.
300 3857 415 3906 Richter:
437 3857 476 3907 De
494 3858 710 3924 prosopographia
728 3857 911 3922 Aristophanea
930 3857 954 3904 11
974 3873 1032 3922 pag.
1056 3857 1166 3917 16-17.
1204 3855 1274 3906 Idem
1294 3873 1352 3906 vero
1371 3856 1408 3906 vir

111 3951 198 4000 doctus
216 3949 242 4000 id
263 3965 318 3998 vere
336 3950 431 3999 dictum
450 3965 503 3999 esse
521 3950 656 4011 existimat,
682 3950 751 4014 quod
774 3950 873 4014 legatur
890 3949 915 3997 in
934 3949 1005 3998 schol
1032 3947 1134 3998 Acharn
1161 3965 1183 3996 v.
1207 3945 1273 3998 866:
1301 3949 1408 4014 Χαῖρις

112 4043 141 4094 di
168 4037 285 4106 αὖλητίς
313 4043 477 4108 Θηβαῖος
502 4039 630 4111 ἄμουσος.
669 4041 717 4092 Sed
747 4057 804 4092 eum
830 4042 893 4090 nihil
919 4041 987 4090 aliud
1016 4041 1048 4088 ‹le
1073 4039 1197 4090 Chaeride
1223 4040 1316 4101 sciant,
1341 4040 1409 4090 unde

114 4153 171 4187 eum
190 4135 344 4186 Thebanum
362 4136 437 4185 luisse
455 4139 641 4201 cognoverunt?
679 4135 743 4184 Cum
763 4135 787 4184 in
806 4133 856 4184 hoc
879 4149 928 4184 uno
948 4132 1044 4184 scholio
1062 4133 1112 4182 hoe
1130 4130 1266 4182 affirmetur
1278 4146 1360 4196 neque
1381 4131 1408 4180 in

114 4230 199 4280 cereris
219 4227 323 4278 scholiis
340 4236 479 4293 repetatur,
499 4245 597 4289 vereor,
618 4246 650 4278 ne
668 4245 697 4278 ex
718 4229 767 4278 hoc
786 4227 841 4291 ipso
860 4224 1059 4275 nebarnensium
1078 4225 1135 4274 loeo
1152 4223 1202 4274 hoc
1221 4222 1321 4272 incaute
1347 4221 1412 4272 colle

116 4323 202 4386 gerim,
223 4322 266 4372 ubi
284 4322 398 4372 tibicines
417 4321 531 4372 nonnulli
550 4322 702 4372 'l'hehani
723 4319 784 4386 [Cir.
800 4335 826 4370 v.
838 4315 899 4384 862]
922 4316 1072 4386 Χαιρνλεῖς
1091 4311 1261 4384 βομβαύλιοι
1282 4313 1413 4378 appellun-

116 4425 159 4466 tur.
198 4413 275 4477 Quod
294 4416 397 4464 sirecte
415 4415 523 4476 conieci,
551 4429 640 4466 omnes
665 4413 802 4463 concedent
826 4412 885 4461 huic
908 4410 996 4460 scholii
1015 4407 1173 4460 annotationi
1192 4405 1296 4457 omnino
1315 4403 1412 4454 nullam

120 4507 193 4557 fidem
211 4507 356 4556 habendam
374 4522 434 4555 esse.
466 4503 621 4556 Crediderim
640 4508 660 4556 si
679 4522 705 4555 re
723 4521 780 4554 vera
799 4504 937 4555 Thebanus
959 4504 975 4554 i.
984 4518 1006 4553 e.
1025 4500 1171 4566 peregrinus
1190 4497 1284 4558 fuisset,
1304 4495 1415 4546 comicos

117 4601 190 4650 eiam
210 4599 277 4649 hanc
294 4599 348 4648 eins
376 4599 579 4664 peregrinitatem
607 4607 735 4663 empturos
762 4599 839 4648 tuisse
866 4610 945 4660 aeque
970 4612 1001 4645 nc
1028 4589 1233 4658 peregrinitatem
1252 4585 1414 4650 &aarum

116 4693 241 4744 Anestoris
260 4692 367 4760 spinteri
385 4701 432 4742 ete
453 4690 514 4762 [Cir.
535 4709 558 4744 v.
582 4703 628 4752 rr;
648 4704 697 4755 3r;
718 4690 791 4758 7⁶⁴1·
