3486 5436
791 507 828 552 lO

155 725 217 784 ρος
247 703 335 768 παίει
363 701 476 771 αὐτόν.
520 703 606 765 Nam
637 715 713 783 post
740 727 770 767 v.
808 722 888 782 1402
919 707 1052 769 demum
1084 707 1228 770 Cinesias
1257 703 1456 775 verberatur,

157 813 192 874 id
215 815 305 896 quod
328 823 463 896 apparet
485 834 503 875 e
525 813 633 876 verbis
656 835 740 896 quae
763 827 941 898 sequuntur
964 817 1128 883 Cinesiae:
1159 818 1255 882 Τουτὶ
1278 817 1461 900 πεποίηκας

155 921 221 987 τὸν
237 923 548 988 κυκλιοδιδάσκαλον
562 927 650 998 κτλ.;
676 925 803 987 Deinde
820 927 899 989 mira
915 927 956 988 de
974 927 1168 990 Peithetaeri
1185 926 1293 988 verbis
1309 947 1338 987 v.
1360 939 1460 1004 1053:

158 1028 241 1115 Ἐγὼ
263 1033 297 1097 δὲ
321 1041 379 1097 σοῦ
409 1056 444 1116 γε
473 1031 521 1097 τὼ
551 1033 642 1097 κάδω
670 1034 826 1100 διασκεδῶ
856 1036 1047 1100 scholiastes
1077 1037 1192 1119 aliquis
1225 1037 1355 1107 statuit,
1388 1055 1462 1097 cum

159 1143 257 1205 dicit:
280 1138 563 1226 Άτιοπατήσας
587 1140 812 1210 ἀπαλλάτεται
834 1155 895 1210 τοῦ
917 1145 1138 1228 συκοφάντου.
1184 1146 1284 1208 Cuius
1313 1146 1358 1209 rei
1386 1165 1460 1206 curn

159 1273 202 1316 ne
226 1252 396 1314 minimum
418 1253 550 1334 quidem
574 1262 681 1316 exstet
703 1256 892 1335 vestigium,
925 1277 1039 1319 vereor
1061 1278 1102 1320 ne
1124 1258 1232 1339 inepte
1257 1265 1290 1320 et
1311 1276 1463 1338 perverse

158 1361 330 1444 collegerit
353 1384 371 1424 e
395 1383 487 1425 versu
519 1364 573 1444 qui
603 1365 764 1444 sequitur:
795 1361 940 1450 Ms'pvqo'
967 1361 1021 1431 δ’τε
1050 1377 1112 1451 τῆς
1142 1365 1262 1450 στήλης
1289 1367 1462 1440 κατετίλας

158 1467 313 1554 ἑσπέραςς
330 1473 352 1554 ¹)
377 1509 419 1520 -·
442 1473 553 1535 Verba
576 1473 772 1536 Peithetaeri
795 1495 823 1538 v.
849 1479 929 1553 958:
957 1469 1065 1552 Αὖθις
1088 1475 1128 1540 σὺ
1151 1473 1323 1560 περιχώρει
1352 1472 1462 1555 λαβὼν

159 1579 225 1664 τὴν
251 1580 384 1664 χέρνιβα
415 1582 576 1645 sacerdoti
605 1584 691 1645 dicta
719 1605 791 1646 esse
825 1585 1015 1648 scholiastes
1049 1587 1218 1650 contendit
1251 1586 1302 1648 his
1336 1586 1460 1647 verbis:

159 1690 252 1773 Πρὸς
286 1689 358 1756 τὸν.
380 1689 465 1774 ἱερέα
498 1694 576 1776 φησὶ
610 1695 763 1777 περίελθε
794 1696 848 1758 καὶ
870 1697 1064 1780 περὶαραινε.
1113 1695 1180 1759 Sed
1213 1695 1367 1770 sacerdos
1397 1695 1460 1756 iam

161 1820 191 1866 v.
217 1803 280 1880 893
305 1793 443 1882 (ilncld’
469 1798 527 1882 ἀφ’
551 1798 643 1886 ἡμῶν
673 1805 727 1868 καὶ
758 1803 797 1868 σύ
827 1807 882 1868 καὶ
911 1803 955 1870 τά
979 1805 1151 1890 στέμματα.
1182 1803 1247 1888 ἐγὼ
1275 1802 1339 1888 γὰρ
1361 1800 1462 1878 αὐτὸς

161 1913 297 1994 τουτογὶ
327 1911 424 1976 δύσω
454 1912 576 1997 μόνος.)
608 1935 625 1976 e
656 1935 752 1978 scena
783 1915 936 1996 expulsus
965 1924 1026 1994 est,
1058 1937 1163 1998 neque
1192 1915 1371 1978 sacerdotis
1404 1915 1462 1975 sed

160 2021 246 2081 servi
271 2030 322 2084 est
345 2043 466 2106 aquam
495 1997 709 2096 circumferre,
741 2024 773 2085 id
804 2026 893 2104 quod
916 2026 1014 2088 docet
1045 2047 1075 2088 v.
1102 2029 1180 2104 850:
1214 2027 1293 2096 Hal,
1323 2037 1393 2100 παῑ,
1423 2022 1463 2088 τὸ

160 2137 288 2194 κανοῦν
303 2129 435 2214 αἴρεσθε
446 2133 504 2195 ’καὶ
518 2133 581 2216 τὴν
594 2132 735 2216 χέρνιβα.
761 2134 875 2196 Eidem
889 2155 985 2196 servo
996 2135 1217 2198 Peithetaerus
1230 2155 1259 2196 ν.
1270 2149 1338 2212 934
1351 2143 1384 2196 et
1394 2149 1460 2213 947

161 2241 310 2319 imperat,
336 2258 371 2302 ut
398 2242 582 2306 ›onoldda‹
601 2253 635 2304 et
653 2250 812 2326 »χιτῶναι
839 2255 938 2308 exuat
952 2255 986 2308 ct
1002 2252 1119 2328 poetae
1136 2245 1246 2310 donet.
1271 2243 1355 2306 Nam
1372 2243 1461 2323 quod

161 2351 203 2412 ad
219 2371 249 2412 v.
267 2367 332 2430 947
349 2351 539 2415 scholiastes
555 2353 738 2416 contendit:
766 2355 818 2436 Τῷ
829 2351 986 2419 Εὐέλπιδι
1002 2354 1095 2438 λέγει,
1111 2375 1176 2418 non
1193 2363 1280 2416 recte
1296 2373 1331 2415 se
1347 2353 1458 2425 habet,

160 2459 318 2541 quoniam
348 2481 454 2542 neque
486 2463 709 2525 Peithetaerus
743 2464 784 2524 ab
808 2465 914 2526 amico
938 2475 971 2527 et
993 2465 1094 2527 sodali
1118 2484 1177 2526 suo
1200 2473 1329 2525 tantum
1352 2471 1461 2545 postu·

161 2569 229 2631 lare
254 2579 364 2652 potest
386 2591 490 2650 neque
515 2572 700 2655 Euelpides,
724 2594 798 2636 cum
828 2595 857 2635 v,
889 2575 954 2651 846
984 2575 1112 2646 abierit,
1144 2573 1277 2634 omnino
1311 2573 1342 2634 in
1364 2593 1463 2634 scena

161 2681 266 2742 adest.
292 2719 335 2728 -
357 2681 397 2742 V.
424 2684 488 2760 849
512 2703 582 2765 sqq.
607 2684 776 2764 quomodo
800 2704 851 2746 res
875 2685 906 2744 in
928 2705 1025 2746 scena
1049 2684 1144 2756 fiant,
1175 2682 1263 2744 haud
1294 2681 1387 2746 facile
1418 2682 1463 2744 in·
1525 2745 1528 2749 .

161 2790 332 2868 telligitur;
357 2811 430 2853 nam
455 2813 473 2854 e
499 2812 593 2854 versu
619 2795 691 2872 849,
716 2793 771 2855 ubi
794 2792 1014 2857 Peithetaerus
1039 2813 1074 2856 se
1097 2792 1303 2856 sacerdotem
1334 2791 1462 2854 arcessi·

157 2907 269 2960 turum
300 2921 371 2962 esse
404 2902 489 2975 dicit,
515 2902 661 2983 sequitur
683 2922 758 2964 eum
780 2921 912 2965 scenam
944 2904 1131 2985 relinquere.
1179 2900 1262 2962 Cum
1292 2920 1370 2965 vero
1399 2901 1461 2962 ianr

158 3031 189 3072 v.
217 3011 282 3088 859
317 3011 426 3072 denuo
457 3012 487 3072 in
520 3031 618 3073 scena
642 3011 743 3084 adsit,
774 3033 849 3074 eum
873 3014 955 3074 inter
984 3013 1075 3076 chori
1098 3021 1229 3075 cantum
1258 3013 1462 3093 (85ῐ--858)

158 3139 236 3180 cum
271 3119 441 3181 sacerdote
478 3120 511 3180 in
545 3139 678 3182 scenam
714 3121 819 3184 redire
854 3142 987 3185 necesse
1023 3130 1081 3184 est.
1149 3122 1216 3185 Sed
1250 3121 1313 3183 hoc
1345 3121 1463 3184 eodem

158 3237 310 3309 tempore
340 3249 415 3290 cum
447 3229 583 3291 Chaeris
614 3251 762 3312 quoque,
794 3231 915 3296 tibicen
938 3232 989 3294 ille
1019 3233 1074 3315 qui
1096 3240 1173 3314 post
1201 3252 1232 3296 v.
1258 3233 1322 3309 858
1345 3249 1462 3292 canere

156 3338 281 3418 incipit,
317 3339 348 3400 in
382 3359 513 3402 scenam
535 3341 681 3424 prodeat,
716 3341 906 3403 scholiastes
939 3342 982 3403 ad
1015 3363 1045 3404 v.
1077 3344 1141 3420 859
1171 3340 1235 3402 hoc
1269 3340 1458 3405 annotavit:

153 3441 291 3530 Ἐξεισιν
314 3442 341 3529 [δ
365 3449 587 3533 Πειδέταιρος]
611 3447 696 3532 ἱερέα
717 3451 772 3514 καὶ
788 3447 935 3534 αὐλητὴν
958 3447 1052 3534 ἔχων.
1099 3451 1232 3512 Arnon
1255 3448 1323 3511 heri
1340 3458 1458 3530 potest,

158 3567 196 3620 ut
220 3568 254 3621 et
276 3560 441 3622 tibicinem
466 3572 499 3623 et
522 3562 726 3624 sacerdotem
749 3560 974 3624 Peithetaerus
997 3581 1109 3624 seeum
1133 3560 1291 3632 adducat,
1325 3559 1464 3641 primum

157 3671 251 3752 quod
275 3671 439 3732 neminem
463 3680 592 3753 praeter
615 3672 818 3738 sacerdotem
843 3671 894 3733 ille
918 3672 1129 3733 arcessiturus
1158 3679 1245 3744 erat,
1271 3680 1341 3732 tum
1374 3669 1465 3752 quod

157 3801 227 3843 non
261 3801 344 3861 opus
379 3790 430 3842 est
460 3780 656 3843 Chaeridem
690 3800 868 3853 arcessere,
894 3782 1017 3864 quippe
1040 3781 1095 3862 qui
1119 3779 1280 3861 parasitus
1302 3779 1344 3842 sit
1365 3788 1464 3861 atque

155 3910 290 3972 semper
324 3884 513 3974 ,,ἄκλητος“
548 3890 614 3970 (clr.
650 3891 726 3952 Pac.
761 3909 791 3951 ν.
825 3903 886 3968 951
931 3895 1016 3972 sqq.)
1066 3889 1107 3951 ad
1152 3889 1264 3971 epulas
1307 3897 1463 3954 accurrat.

155 4001 273 4080 ltaque
304 4001 405 4062 etiam
435 4000 499 4062 hoc
523 4001 596 4062 loco
619 4020 684 4062 non
718 4000 966 4062 aPeithetaero
997 4000 1177 4070 arcessitur,
1211 4000 1279 4071 sed,
1312 4008 1348 4061 ut
1369 3997 1462 4071 solet,

155 4111 329 4172 invocatus
352 4108 397 4171 ad
419 4110 539 4192 dapem
563 4111 703 4171 advenit.
751 4109 902 4192 Denique
927 4111 968 4171 de
985 4110 1075 4171 chori
1099 4108 1207 4172 verbis
1230 4129 1260 4173 v.
1290 4109 1374 4184 1326
1397 4128 1465 4191 sq.:

154 4219 211 4286 Σδ
240 4219 267 4282 δ’
293 4211 395 4292 αὖθις
427 4217 547 4303 ἐξόρμα
580 4217 720 4283 τύπτων
757 4241 790 4301 γε
821 4227 942 4284 τοῦτον
970 4213 1044 4295 ὡδί,
1078 4218 1142 4280 hoc
1172 4237 1324 4298 perverse
1355 4217 1466 4280 statuit

154 4329 366 4394 scholiastes:
395 4324 603 4412 Άποστρέφει
632 4327 693 4392 τὸν
718 4326 815 4410 λόγον
846 4323 865 4391 ὁ
894 4327 991 4412 χορὸς
1022 4327 1106 4412 πρὸς
1135 4326 1196 4392 τὸν
1226 4325 1468 4410 Πεισθέταιρον

269 4575 288 4646 ’)
308 4577 440 4628 Sententia
468 4578 580 4644 prolecto
607 4587 658 4628 tarn
686 4593 802 4644 perversa
829 4587 874 4636 est,
902 4587 928 4628 ut
953 4579 1057 4630 sortasse
1077 4575 1224 4629 Dindorlius
1250 4585 1317 4627 recte
1335 4575 1469 4628 coniecerit

153 4687 245 4724 vocem
260 4667 438 4733 rinonrrricuf
453 4680 593 4736 corruptam
604 4685 658 4720 esse
668 4687 698 4720 ex
711 4666 896 4734 ιῖοιιιάτησας,
910 4672 978 4736 quod
998 4672 1111 4737 proximo
1131 4671 1209 4722 versui
1231 4670 1366 4740 ascriptum
1386 4668 1467 4722 luerit.
