3486 5436
754 515 815 580 ‚62

692 607 903 616 *—

456 643 463 673 l

139 730 268 813 pretati
302 741 384 794 sunt.
441 731 492 794 Ac
528 731 668 815 prinlum
703 732 836 816 quidem
872 730 1137 815 Harpocrationi,
1169 731 1298 804 Photio,
1337 729 1436 794 Suida

139 842 261 904 nescio
286 862 326 904 an
350 841 414 904 hoc
437 841 632 904 Aristoteles
657 843 763 905 dicere
788 843 875 904 visus
898 843 957 908 sit:
983 841 1192 925 Unaquaque
1216 841 1305 924 φυλή
1334 843 1364 904 in
1389 851 1455 904 tres

150 961 270 1030 partes
293 952 395 1014 divisa
419 961 467 1012 est
491 962 524 1014 et
545 952 744 1032 singularum
767 954 907 1035 partium
932 953 1064 1014 nomina
1079 960 1154 1013 sunt
1175 951 1320 1035 τριττδς,
1347 947 1453 1028 ἔθνος,

153 1061 317 1144 φρατρία.
375 1061 527 1124 Scribunt
562 1063 647 1124 enim
681 1055 829 1147 διῄρηται
863 1059 909 1137 είς
940 1063 1046 1146 τρία
1078 1060 1198 1146 μέρη·
1232 1065 1366 1144 τριττῦς
1399 1065 1455 1126 καὶ

152 1169 246 1256 ἔθνη
270 1174 326 1236 καὶ
347 1173 518 1255 φρατρίας.
566 1172 630 1234 Alii
654 1193 762 1236 rursus
785 1173 999 1254 grammatici,
1025 1173 1079 1253 qui
1102 1172 1171 1233 sive
1194 1180 1258 1232 tres
1283 1173 1453 1256 φρατρίας,

149 1285 228 1345 sive
251 1293 315 1346 tres
337 1287 480 1366 τριττῦς,
505 1285 572 1372 sive
595 1285 654 1345 tria
679 1280 762 1368 ἔθνη
786 1284 948 1346 exstitisse
972 1283 1099 1344 aliunde
1114 1283 1278 1363 accepisse
1295 1283 1452 1357 videntur,

152 1393 260 1457 verba
282 1392 343 1456 hac
367 1395 492 1456 ratione
515 1395 714 1472 interpretati
739 1410 829 1456 sunt:
866 1392 960 1475 Φυλή
991 1394 1091 1454 divisa
1115 1402 1163 1454 est
1192 1395 1223 1454 in
1247 1402 1355 1474 partes
1377 1404 1451 1468 tres,

150 1523 244 1585 quae
268 1505 451 1584 promiscue
476 1504 576 1566 modo
600 1504 759 1587 φρατρίαι
788 1504 888 1564 modo
916 1501 1068 1586 τριττύες
1101 1503 1201 1563 modo
1234 1498 1316 1586 ἔθνη
1344 1504 1454 1586 appel-

150 1613 271 1676 lantur.
326 1614 439 1695 ltaque
472 1615 560 1695 apud
589 1612 756 1676 Pollucem
788 1614 868 1675 haec
898 1612 1052 1692 legimus:
1084 1611 1177 1693 [lllll
1210 1612 1260 1696 Ill]
1293 1611 1350 1687 Εἰς
1378 1615 1453 1697 τρία

146 1722 235 1806 μέρη
251 1717 371 1807 ἑκάστη
388 1723 495 1806 [φυλή]
514 1719 648 1807 διῄρητο
671 1724 742 1787 καλ
766 1715 812 1787 τὸ
833 1721 957 1806 μέρος
979 1726 1108 1787 τοῦτο
1124 1719 1317 1786 ἐκαλεῖτο
1340 1746 1453 1807 τριτ·

148 1832 228 1908 rut·
250 1834 318 1897 καὶ
342 1829 471 1908 ἔθνος
493 1835 563 1898 καί
590 1834 785 1916 φρατρία.
834 1833 923 1894 [dem
947 1832 1013 1895 sere
1027 1840 1134 1895 exstat
1151 1833 1237 1916 apud
1254 1832 1447 1915 Harpocrat.

146 1964 174 2006 s,
201 1962 230 2004 v.
256 1946 425 2027 γεννήταις
447 1932 587 2027 Ἐκδστη
611 1943 647 2008 δὲ
663 1941 753 2026 φυλὴ
776 1945 872 2025 τριχῇ
895 1935 1030 2026 διῄρητο
1056 1943 1112 2005 καὶ
1140 1939 1286 2006 ἔκαλεῑτο
1314 1939 1451 2007 ἕκαστον

144 2052 248 2136 μέρος
270 2053 400 2117 τούτων
422 2053 558 2136 τριττὺς
581 2054 638 2118 καὶ
661 2053 815 2136 φρατρία.
864 2037 938 2114 Nori
969 2053 1085 2114 mirum
1117 2062 1175 2126 est,
1208 2053 1297 2133 quod
1321 2054 1451 2116 tertium

145 2163 237 2235 illud,
262 2163 350 2243 quod
373 2174 440 2226 erat
463 2164 552 2243 apud
576 2163 803 2236 Aristotelem,
828 2158 928 2236 ἔθνος
952 2163 1080 2224 omittit.
1128 2164 1177 2225 Ne
1202 2163 1451 2244 Harpocrationi

144 2273 283 2353 quidem
300 2269 397 2349 ἔθνος
413 2295 485 2336 cum
504 2275 653 2362 φρατρίᾳ
676 2271 728 2334 vel
753 2272 885 2356 τριττύι
902 2273 1073 2335 convenire
1090 2274 1192 2336 visum
1217 2282 1276 2338 est.
1324 2271 1451 2339 Deinde

144 2385 237 2446 idem
267 2403 304 2445 ac
338 2385 427 2465 quod
448 2384 512 2446 hoc
535 2385 609 2447 loco
634 2383 724 2465 apud
750 2383 1044 2464 Harpocrationem
1067 2382 1214 2464 legimus,
1246 2383 1314 2444 aliis
1344 2383 1450 2445 verbis

143 2493 237 2574 apud
267 2493 423 2578 stephan.
455 2495 588 2575 Byzant.
622 2513 723 2574 supra
757 2493 923 2556 laudatum
961 2493 1159 2574 significatur
1194 2503 1226 2554 et
1261 2493 1298 2554 in
1326 2494 1450 2555 scholio
1473 2535 1495 2552 .,

145 2614 271 2676 nostre.
319 2605 430 2686 ltaque
453 2625 569 2666 omnes
593 2605 830 2692 grammaticos
855 2615 995 2687 excepto
1019 2603 1155 2666 sortasse
1173 2601 1313 2666 Platonis
1336 2603 1448 2664 scholi·
1478 2587 1480 2591 ’

142 2725 217 2778 asta
239 2715 384 2776 videmus
408 2713 488 2777 haec
511 2715 614 2776 verba
639 2733 815 2796 perperam
837 2715 1064 2797 interpretatos
1093 2735 1173 2776 esse.
1226 2713 1341 2797 Neque
1371 2733 1448 2776 vero

142 2826 211 2887 hoc
234 2824 270 2885 iis
291 2834 384 2887 tauto
406 2825 527 2887 crimini
550 2825 678 2897 demuS,
702 2825 873 2906 quoniam,
906 2827 1025 2888 utiam
1050 2825 1131 2899 dixi,
1164 2825 1264 2888 verba
1294 2825 1446 2887 tamob·

141 2955 239 2998 scura
265 2945 348 3007 sunt,
374 2943 409 2996 ut
427 2923 515 3008 eum,
540 2935 596 3016 qui
622 2937 664 2998 de
690 2936 751 2998 illis
774 2937 917 2999 tribuum
941 2938 1089 3021 partibus
1111 2935 1239 2998 aliunde
1263 2933 1338 3011 nillil
1362 2954 1447 2995 com-

141 3053 274 3128 pertum
302 3045 428 3118 habeat,
454 3043 607 3127 perfacile
633 3048 665 3108 in
688 3067 831 3110 errorem
855 3051 989 3130 rapiant.
1272 3043 1277 3052 ’

249 3155 397 3240 Denique
421 3175 524 3236 pauca
547 3153 669 3227 habe0‚
696 3179 784 3240 quae
808 3172 962 3222 annotem
986 3160 1028 3222 ad
1052 3157 1149 3220 schol.
1184 3179 1213 3219 v.
1246 3170 1345 3236 1541:
1383 3148 1445 3218 Τὸν

135 3264 361 3350 κωλακρέτην·
390 3257 450 3328 τὸν
479 3265 601 3346 ταμίαν
633 3273 704 3328 τῶν
736 3272 918 3334 πολιτικῶν
946 3268 1133 3353 χρημάτων.
1156 3256 1390 3350 Ἀριστοφάνης
1428 3260 1446 3328 ὁ

140 3373 364 3458 γραμματικὸς
390 3374 529 3449 τούτους
558 3377 679 3457 ταμίας
710 3373 794 3442 εἷναί
823 3359 899 3464 φησί
929 3382 988 3442 τοῦ
1020 3378 1209 3442 δικαστικοῦ
1238 3379 1369 3460 μισθοῦ.
1403 3372 1441 3438 οὐ

135 3476 243 3568 μόνον
265 3484 300 3548 δὲ
321 3484 443 3549 τούτου
465 3485 527 3568 την
550 3482 738 3568 ἐπιμέλειαν
760 3486 942 3560 ἐποιοῦντο,
966 3483 1017 3563 ὥς
1041 3483 1296 3572 pascemini
1319 3487 1374 3550 καί
1399 3484 1442 3549 τα

137 3591 188 3668 τίς
214 3593 310 3668 θεοὺς
333 3587 574 3678 ἀναλισκόμενα
598 3593 651 3660 διὰ
675 3597 806 3662 τούτων
827 3595 1031 3683 ἀνηλίσκετο,
1055 3591 1100 3672 ὡς
1115 3587 1309 3681 Ἀνδροτίων
1325 3595 1443 3679 γράφει

137 3698 258 3780 οὕτως·
287 3717 372 3780 »τοῖς
396 3703 429 3768 δὲ
453 3702 537 3768 lourz
562 3691 705 3770 Πνθῶδε
737 3712 874 3792 θεωροῖς
894 3703 980 3782 Ιτοδς
1008 3706 1220 3792 κωλακρίτας
1250 3699 1375 3770 διδόναι
1407 3702 1443 3769 ἔκ

140 3821 213 3880 τῶν
229 3818 461 3898 ναυκληρικῶν
475 3807 608 3904 ἑφόδιον
623 3812 772 3900 ἀργύρια,
794 3819 849 3881 καὶ
865 3815 911 3891 τίς
927 3813 1010 3882 ἄλλο
1032 3812 1054 3880 δ’
1075 3841 1108 3882 τι
1124 3809 1166 3880 ἂν
1182 3816 1236 3899 δίη
1261 3813 1440 3880 ἀναλῶσαι.
1531 3825 1539 3840 ’

142 3924 258 4005 ταμίαι
282 3922 317 3986 δὲ
340 3917 423 4008 ἦσαν
445 3925 501 3988 καί
522 3933 727 4006 προεστῶτες
749 3931 809 4012 της
833 3927 986 4011 δημοσίας
1009 3927 1174 4010 σιτήσεως.
1193 3931 1212 4010 ¹)
1260 3911 1387 4008 Quibus
1410 3927 1441 3988 in

145 4033 254 4096 verbis
288 4034 368 4098 mira
387 4043 508 4098 exstat
550 4037 781 4099 sententiarum
826 4039 1047 4121 repugnantia.
1101 4023 1190 4098 'Nam
1227 4057 1300 4098 curn
1335 4037 1441 4118 priore

143 4145 219 4206 loco
243 4163 300 4206 eos
323 4145 456 4206 omnino
487 4145 546 4207 toti
577 4131 701 4207 aerario
732 4147 908 4228 praefuisse
940 4148 1053 4230 aliquis
1083 4147 1268 4218 contendat,
1300 4146 1438 4206 subinde

144 4273 251 4338 pauca
285 4263 411 4316 tantum
447 4253 636 4327 afferuntur,
673 4276 757 4337 quae
791 4256 971 4320 colacretae
1007 4257 1247 4320 administrasse
1278 4256 1437 4317 dicuntur.

143 4363 220 4446 Qua
245 4384 279 4426 re
299 4372 356 4425 aut
379 4363 455 4426 illud
480 4365 653 4427 credideris
676 4377 732 4428 aut
754 4366 817 4429 hoc
839 4368 919 4430 lalso
940 4369 1003 4430 dici
1061 4367 1127 4430 Sed
1152 4387 1217 4429 non
1247 4365 1325 4428 falsa
1347 4377 1438 4440 sunt;
1477 4451 1482 4461 Δ

143 4543 356 4552 ..ι--ι-ω--ι

253 4627 272 4698 ')
295 4636 416 4702 ιΤαμιάι
439 4633 471 4681 δι’
494 4661 523 4670 -
547 4661 576 4668 -
598 4629 728 4695 nerviorum
747 4651 796 4684 non
824 4635 938 4684 videnlur
960 4653 1013 4686 esse
1037 4635 1198 4685 Androtionis
1224 4635 1327 4692 verbu«,
1356 4634 1441 4682 llllbn.

142 4723 185 4776 nd.
206 4723 231 4774 lr.
251 4725 321 4774 schol
351 4734 436 4776 annot.
