3486 5436
695 398 906 526 „L

138 657 177 718 χε
204 635 408 718 παραδοῦναι
432 635 524 718 λέγει,
551 633 578 696 εί
600 635 645 720 με)
666 636 809 719 βαδίζειν
830 630 941 717 ὥσπερ
964 631 997 698 at
1017 634 1191 716 χελιδόνες,
1215 637 1455 701 emendationis

139 745 260 826 utique
291 745 452 825 indigent,
477 764 575 826 quam
600 745 736 808 obrem
766 745 961 807 recentiores
997 744 1188 828 interpretes
1218 765 1280 827 pro
1310 745 1453 830 βαδίζειν

136 853 280 936 βαβόζει
312 852 338 937 γ’
370 854 420 916 vel
450 847 564 937 βαΰζει
586 849 616 939 γ’
644 852 708 935 legi
740 854 863 916 volunt.
910 854 1069 917 Veterum
1098 863 1208 917 autem
1238 855 1452 938 interpretum

136 963 197 1024 alii
215 963 248 1026 in
274 963 489 1043 improbanda
504 965 653 1026 codicum
670 964 808 1027 lectione
830 962 1041 1046 acquiescunt
1065 972 1099 1026 ut
1114 963 1351 1044 Symmachus:
1382 965 1451 1031 Οόκ

134 1071 234 1136 ἐστιν
257 1067 276 1136 ό
297 1071 417 1137 τούτου
439 1082 517 1147 νοῦς
540 1071 691 1156 φανερός.
714 1069 810 1137 οὐδέν
832 1097 863 1137 τι
895 1071 1031 1137 δύναται
1065 1069 1147 1137 ἴδιον
1174 1080 1244 1138 τῶν
1274 1073 1451 1156 χελιδόνων

136 1177 157 1265 ἡ
183 1181 323 1260 βάδισις,
346 1177 383 1244 αἵ
401 1204 437 1264 χε
459 1182 536 1266 μηδὲ
565 1184 678 1270 πορείᾳ
707 1191 851 1268 χρῶνται
873 1178 919 1258 ὡς
941 1181 984 1247 τό
1014 1177 1098 1246 ἄλλα
1128 1189 1198 1246 τῶν
1228 1179 1365 1265 ὀρνέων,
1396 1186 1451 1249 καὶ

133 1291 285 1376 μάλιστα
306 1289 348 1356 τὰ
369 1291 413 1376 με)
435 1291 591 1376 πτητικά,
612 1292 664 1354 alii
687 1293 795 1367 verba,
820 1314 904 1374 quae
926 1295 957 1356 in
982 1291 1148 1356 codicibus
1164 1292 1324 1374 leguntur,
1351 1299 1444 1358 inter·

136 1402 264 1484 pretari
287 1402 429 1474 student,
454 1412 489 1465 ut
512 1389 690 1482 Didymus:
724 1402 950 1485 Καταλλήλως
981 1396 1080 1484 εἶχεν,
1112 1399 1139 1463 εί
1171 1397 1281 1483 ἔλεγεν
1311 1395 1356 1477 ὡς
1387 1401 1448 1479 τὰς

134 1509 318 1594 χελιδόνας.
343 1510 432 1575 θέλει
464 1508 527 1594 γὰρ
558 1509 672 1593 λέγειν,
704 1509 731 1574 εί
761 1511 805 1595 μὴ
834 1511 954 1594 βαδίζει
986 1509 1070 1592 πρὸς
1099 1507 1161 1584 τὰς
1189 1510 1367 1592 χελιδόνας,
1398 1513 1448 1577 δίο
1537 1539 1540 1548 ’

135 1621 196 1684 καὶ
211 1619 343 1684 ἐποίσει·
367 1617 489 1684 οὐκοῦν
511 1621 713 1704 παραδοῦναι
736 1634 808 1697 ταῖς
829 1619 990 1704 χελιδόσιν
1006 1619 1100 1702 λέγει,
1123 1639 1208 1702 quae
1234 1619 1381 1704 profecto
1398 1631 1449 1685 est

137 1730 298 1792 mirabilis
320 1732 489 1804 sententia,
513 1731 571 1794 sed
588 1730 762 1792 mirabilior
784 1730 883 1796 haec:
909 1727 966 1794 Me
989 1727 1049 1794 τόν
1070 1729 1138 1802 Δία,
1163 1731 1274 1813 φησίν,
1298 1727 1338 1794 οὐ
1361 1731 1444 1814 λέγει

137 1839 355 1922 παραδοῦναι,
387 1837 472 1903 ἀλλὰ
502 1841 644 1922 βαδίζειν
678 1840 732 1903 καὶ
763 1836 954 1924 ἀναχωρεῖν.
986 1832 1076 1902 οὕτω
1099 1837 1133 1902 δὲ
1160 1836 1243 1904 αότό
1272 1855 1351 1924 φησι
1371 1843 1445 1922 βαρ·

135 1947 253 2032 βόρως
281 1949 335 2012 καὶ
366 1948 602 2032 δοσφρόστοος,
627 1940 739 2031 οόσπερ
762 1947 794 2012 αἱ
816 1948 987 2032 χελιδόνες.
1014 1951 1052 2031 (l)
1075 1948 1226 2032 Denique
1251 1949 1350 2012 assero
1378 1969 1445 2011 ver·

136 2078 212 2120 sum
235 2058 297 2137 63,
332 2052 447 2133 Οότως
471 2081 502 2123 τι
534 2057 642 2124 δεινόν
672 2057 745 2122 οὐδε
773 2058 910 2123 κάλλιον
940 2039 1053 2142 λε’χειν,
1084 2077 1182 2134 quem
1213 2058 1275 2121 hac
1299 2058 1445 2121 inaudita

135 2179 239 2249 atque
284 2168 460 2231 incredibili
503 2170 627 2232 ratione
671 2169 833 2250 explicare
878 2177 1054 2231 conantur:
1106 2165 1148 2232 Τό
1191 2166 1329 2230 κάλλιον
1367 2164 1443 2232 ἀντὶ

139 2273 311 2342 δπολδτου
332 2289 445 2344 κεῖται.
470 2275 544 2342 ἀντὶ
567 2287 628 2342 τοῦ
653 2301 659 2314 ·
683 2275 757 2342 οὐδὲ
778 2277 882 2342 καλὸν
905 2277 1010 2360 λέγειν
1032 2274 1072 2340 τό
1094 2271 1177 2359 ἡμᾶς
1197 2270 1443 2340 ὑποπτεύεσθαι

134 2386 310 2462 τοιούτους
343 2382 444 2462 elnam
479 2388 539 2461 vel,
575 2398 611 2450 ut
645 2382 700 2450 alii
730 2388 944 2453 hariolantur:
991 2381 1121 2450 Οἶταισί
1154 2408 1187 2449 τι
1227 2384 1336 2448 δεινόν
1369 2382 1444 2451 οὐδὲ

134 2496 277 2561 κάλλιον
298 2496 413 2580 λέγειν,
437 2498 608 2562 τουτέστιν
630 2492 720 2562 οὕτω
742 2519 774 2562 τι
797 2494 905 2560 δεινὸν
926 2493 1039 2579 ἔχομεν
1061 2494 1098 2559 ἐκ
1122 2504 1182 2578 τῆς
1206 2490 1325 2576 ὄψεως,
1356 2489 1442 2559 ὥστε

135 2603 361 2690 ὀρνιθοθῆραι
384 2609 582 2690 νομίζεσθαι,
605 2603 679 2671 οὐδὲ
699 2605 804 2689 λέγειν
826 2622 860 2668 σε
881 2615 981 2670 τοῦτο
1003 2603 1142 2668 κάλλιόν
1157 2601 1253 2692 Αἐστιν
1276 2595 1327 2666 ότι
1348 2601 1443 2686 ἐσμὲν

134 2713 370 2800 ὀρνιθοθῆραι.
424 2716 517 2780 Plura
549 2716 699 2798 exempla
730 2715 827 2778 affere
853 2715 988 2796 longum
1020 2725 1078 2787 est,
1118 2733 1193 2775 nam
1225 2732 1309 2793 quae
1338 2713 1439 2787 attuli,

134 2827 216 2890 satis
249 2846 412 2906 superque
446 2828 619 2889 ostendere
657 2826 805 2887 videntur
835 2834 999 2887 tantum
1039 2825 1213 2894 abesse,
1247 2830 1287 2884 ut
1324 2842 1439 2887 emen

134 2936 281 2998 darint
315 2934 581 2998 scholiastae
622 2937 811 2998 codicum
854 2935 1087 3006 lectiones,
1126 2941 1167 2995 ut
1204 2931 1311 2994 haud
1347 2953 1439 2995 raro

134 3046 420 3126 depravarint.

749 3244 769 3320 s
794 3255 823 3301 2.

133 3399 214 3495 ona
241 3397 376 3479 ratione
394 3397 602 3500 interpretes
621 3406 762 3480 veteres
782 3420 842 3480 res
864 3398 897 3479 in
917 3417 1030 3480 soene
1055 3403 1160 3478 aetas
1185 3397 1436 3479 enarraverint

243 3577 279 3638 ln
302 3575 470 3639 codicibus
493 3583 665 3657 po'e'tarum
688 3579 889 3640 scenicorum
913 3577 1007 3639 nobis
1030 3575 1157 3638 traditis
1178 3575 1256 3638 nihil
1280 3574 1345 3655 legi
1378 3575 1438 3637 nisi

132 3686 236 3748 verba
265 3685 308 3748 ab
342 3685 420 3767 ipsis
452 3685 661 3749 histrionibus
685 3688 716 3748 in
748 3705 845 3750 scena
877 3687 1011 3750 recitata
1045 3686 1128 3748 inter
1161 3704 1275 3748 omnes
1299 3691 1435 3746 constat.

132 3795 221 3859 Nihil
260 3795 343 3857 inest
379 3794 420 3856 de
450 3793 661 3858 histrionibus
691 3797 927 3879 prodeuntibus
961 3803 995 3856 et
1015 3794 1243 3867 abeuntibus,
1281 3791 1358 3855 nihil
1397 3793 1437 3854 de

132 3925 247 3967 eorum
279 3903 480 3966 vestimentis
515 3915 548 3967 et
584 3908 746 3986 gestibus,
782 3904 860 3966 nihil
893 3906 934 3967 de
963 3923 1079 3966 scenae
1115 3904 1226 3986 specie
1256 3911 1289 3964 et
1321 3921 1437 3965 scenae

131 4015 294 4096 parietum
323 4015 572 4089 mutationibus,
604 4016 720 4080 desunt
753 4015 893 4095 denique
924 4013 1034 4076 omnia
1062 4013 1128 4087 illa,
1162 4033 1246 4096 quae
1277 4011 1309 4073 in
1340 4032 1437 4075 scena

130 4132 274 4206 aguntur
305 4120 487 4185 fabularum
516 4125 717 4206 argumentis
745 4123 1035 4206 progredientibus
1056 4123 1079 4204 ¹)
1131 4121 1226 4202 Quae
1256 4121 1366 4183 omnia
1395 4141 1437 4182 ex

130 4235 209 4317 ipsis
244 4230 423 4294 tabularum
459 4235 566 4296 verbis
601 4245 696 4297 acute
727 4231 877 4314 colligere
901 4243 935 4295 et
956 4232 1125 4313 diligenter
1154 4249 1318 4313 exponere
1350 4229 1437 4293 haud

131 4356 345 4370 nc-—uat——fl-

260 4410 279 4476 ¹)
305 4412 395 4462 Nescio
425 4427 458 4461 au
485 4421 550 4464 recte
580 4413 642 4462 milri
670 4412 765 4478 opponi
795 4413 891 4477 possint
925 4411 1100 4462 annotationes
1128 4411 1193 4468 illae,
1223 4424 1288 4474 quae
1320 4409 1439 4458 dicuntur

128 4509 336 4574 naponryppnr'
354 4499 415 4570 (cn.
436 4504 500 4556 Ran.
520 4523 543 4555 v.
564 4518 630 4570 312:
652 4500 746 4554 „ittet
766 4504 832 4554 Rau.
853 4520 877 4552 r·
900 4501 984 4565 1263:
1004 4499 1139 4554 Arrrrilrrw
1159 4501 1320 4570 προσαυλεῖ.
1348 4501 1394 4550 Ar.
1414 4516 1437 4548 v.

128 4611 198 4652 222:
220 4594 336 4668 Atta),
356 4613 459 4666 quarum
478 4600 601 4664 originem
619 4599 697 4647 libere
717 4598 796 4647 fateor
814 4613 854 4645 me
879 4598 1001 4661 ignorare.
1040 4593 1113 4644 Certe
1140 4595 1190 4644 iam
1217 4589 1359 4642 scholiastis
1386 4599 1437 4640 tam
