3486 5436
766 511 809 574 42

682 587 894 600 *uun—u—

141 713 279 797 copiose
308 723 473 778 enarratur
502 714 535 776 in
558 710 657 776 schol.
689 723 718 776 v.
742 725 805 774 212
836 720 870 776 et
900 709 1009 775 fabula
1032 707 1149 792 Ceycis
1170 719 1204 772 et
1225 708 1385 790 Alcyonis
1407 709 1438 772 in

140 825 243 892 schol.
275 845 305 887 v.
340 838 415 904 250.
461 822 631 887 Castorem
664 833 697 886 et
728 820 890 886 Pollucem
926 841 967 886 ex
1002 840 1067 884 ovo
1103 831 1200 886 natos
1236 842 1307 886 esse
1344 822 1440 885 docet

140 934 242 998 schol.
279 956 310 1002 v.
344 936 420 1014 695,
454 943 488 997 01
515 935 553 1018 in
587 931 711 996 scholio
743 954 773 999 v.
800 946 863 1013 559
895 933 1033 1013 legimus
1068 931 1199 1016 Alopen
1234 931 1332 996 filiam
1367 951 1439 994 esse

140 1044 329 1127 Cercyonis,
353 1065 437 1128 quae
458 1066 476 1108 e
499 1045 653 1127 Neptuno
675 1043 959 1128 Hippothoontem
989 1045 1162 1126 pepererit.
1209 1044 1245 1108 10
1275 1041 1374 1105 schol.
1409 1062 1441 1106 v.

147 1171 231 1238 1527
268 1157 380 1218 100001
417 1164 546 1218 narrant
579 1153 739 1237 Apollinis
777 1163 810 1217 et
842 1152 984 1218 Creusae
1017 1153 1118 1216 filium
1156 1173 1246 1236 esse,
1287 1155 1320 1216 id
1352 1153 1441 1235 quod

141 1267 334 1330 crediderim
356 1285 426 1326 eos
453 1285 472 1326 e
501 1264 679 1347 tragoediis
714 1263 865 1343 petivisse
903 1261 978 1347 [Cir.
1009 1264 1121 1326 100010
1145 1263 1330 1347 Euripidis]‚
1366 1283 1441 1326 cum

142 1377 245 1458 vulgo
267 1376 367 1440 Xuthi
399 1373 481 1438 filius
508 1395 579 1438 esse
609 1375 731 1436 dicatur
761 1372 839 1457 [Cir.
865 1372 1018 1456 Apollod.
1042 1372 1192 1437 Biblioth.
1228 1375 1249 1436 I.
1277 1389 1306 1455 7,
1340 1389 1370 1454 3,
1401 1377 1439 1456 2].

142 1487 180 1550 10
210 1485 312 1550 schol.
336 1505 364 1552 v.
389 1488 451 1566 835
480 1485 583 1567 gallus
614 1484 692 1547 olim
724 1482 824 1546 homo
847 1481 943 1546 luisse
973 1484 1091 1546 dicitur
1121 1493 1155 1548 et
1175 1484 1289 1548 Martis
1318 1503 1437 1546 servus.

141 1597 211 1661 Sed
245 1617 319 1660 curn
343 1595 517 1677 aliquando
549 1595 703 1658 excubias
736 1613 838 1674 agens
873 1592 1113 1666 obdormiisset,
1135 1591 1274 1656 Martem
1298 1593 1438 1656 obeam

141 1727 211 1770 rem
243 1708 361 1770 iratum
389 1725 464 1768 eum
495 1707 526 1767 in
555 1724 651 1768 avem
680 1704 887 1770 convertisse.
934 1703 1024 1766 Idem
1052 1701 1119 1766 fere
1149 1703 1283 1772 Lucian.
1313 1702 1396 1770 Gall.
1422 1723 1438 1783 3

143 1817 240 1880 nobis
273 1815 404 1878 tradidit
439 1813 516 1899 [Cir.
548 1813 652 1880 Kock.
689 1816 732 1878 ad
763 1836 793 1877 v.
830 1818 891 1894 835
924 1813 1060 1898 annot.].
1108 1814 1191 1878 Mira
1224 1813 1365 1895 denique
1399 1814 1440 1876 de

141 1925 267 2011 populo
302 1925 502 2009 Sciapodum
536 1927 568 1989 in
603 1926 704 1991 schol.
739 1945 769 1986 v.
809 1938 844 2005 15
852 1939 890 2004 53
927 1933 1112 1997 narrantur,
1150 1941 1290 2005 quorum
1323 1923 1440 1986 similia

141 2037 280 2118 legimus
313 2037 402 2119 apud
430 2035 623 2118 Harpocrat.
654 2057 680 2099 s.
712 2056 741 2100 v.
773 2034 958 2110 Σκιάποόες
992 2045 1025 2096 01
1055 2035 1087 2097 10
1117 2033 1213 2097 Plinii
1247 2033 1320 2096 Nat.
1354 2033 1436 2096 Hist.

144 2164 174 2228 7.
198 2163 228 2219 2,
254 2162 284 2220 2,
308 2163 360 2226 23.
384 2143 461 2232 [Cir.
487 2144 606 2208 Kockii
635 2147 676 2208 ad
704 2145 735 2207 h
769 2167 798 2211 v.
829 2145 964 2230 annot.].
1001 2181 1043 2192 --
1073 2145 1201 2210 Deinde
1232 2162 1283 2204 res
1313 2154 1437 2224 gestae,

142 2277 223 2338 quas
245 2261 346 2338 poeta
367 2266 424 2318 aut
447 2256 576 2336 attingit
598 2266 655 2319 aut
683 2253 863 2319 scholiastis
892 2255 1050 2336 attingere
1072 2257 1159 2318 visus
1182 2262 1242 2326 est,
1266 2253 1438 2333 diligenter

142 2377 352 2450 exponuntur
367 2367 398 2428 10
420 2366 470 2429 his
493 2365 632 2428 scholiis.
680 2365 731 2430 Dc
746 2384 857 2448 pugna
872 2383 959 2429 anno
974 2367 1039 2442 418
1064 2365 1106 2426 ad
1127 2364 1326 2427 Mantineam
1349 2383 1435 2426 com-

143 2480 241 2542 missa
264 2479 296 2539 in
319 2476 418 2541 schol.
440 2497 469 2539 v.
501 2492 537 2554 13
562 2497 667 2556 pauca
697 2485 913 2558 exponuntur.
941 2475 1133 2558 quibuscum
1162 2473 1372 2554 Thucydides
1395 2474 1435 2545 V.

141 2589 205 2666 613
235 2603 277 2669 74
310 2606 440 2670 prorsus
473 2587 643 2653 consentit.
703 2585 929 2668 Phrynichum‚
954 2560 1203 2650 Atheniensium
1237 2583 1370 2655 ducem,
1407 2585 1439 2646 in

142 2698 245 2762 insula
268 2697 369 2760 Samo
391 2695 640 2760 Atheniensium
671 2698 844 2779 imperium
876 2695 1034 2780 populare
1063 2696 1258 2760 labefactare
1286 2704 1439 2757 conatum

143 2829 214 2873 esse
237 2807 430 2889 Thncydide
452 2808 538 2881 11111,
567 2821 622 2886 50;
647 2807 733 2880 VIII.
757 2807 800 2872 68
823 2808 1049 2870 consentiente
1077 2806 1265 2870 scholiastes
1286 2804 1385 2868 docet
1406 2805 1437 2867 in

142 2919 242 2983 schol.
267 2941 296 2982 v.
317 2933 389 3000 750.
436 2919 522 2981 Tum'
545 2918 713 2998 quomodo
737 2918 768 2980 in
785 2917 1046 2999 Hermocopidas
1061 2917 1278 2981 Athenienses
1294 2917 1434 2980 animad-

141 3032 311 3105 verterint,
344 3029 538 3093 Philochoro
565 3040 649 3094 teste
679 3031 711 3092 in
737 3028 837 3092 schol.
869 3049 900 3095 v.
933 3029 997 3109 766
1029 3037 1203 3094 enarratur.
1262 3027 1314 3090 De
1347 3025 1435 3090 Chiis

141 3161 272 3227 semper
308 3138 561 3205 Atheniensibus
605 3141 703 3204 fidem
740 3141 983 3222 praestantibus
1020 3139 1121 3202 multa
1161 3159 1180 3200 e
1216 3137 1437 3221 Theopompo

142 3253 316 3316 atteruntur
343 3253 374 3314 in
403 3251 503 3315 schol.
533 3271 563 3314 v.
588 3253 661 3316 880.
708 3250 818 3312 Multis
845 3250 985 3331 denique
1014 3250 1122 3313 verbis
1150 3249 1182 3311 in
1214 3248 1313 3310 schol.
1352 3263 1428 3312 1021

143 3361 356 3441 Sardanapali
389 3363 465 3435 vita,
500 3381 606 3424 mores
639 3361 788 3442 iactaque
822 3369 1018 3425 enarrantur.
1066 3358 1142 3440 Quo
1174 3359 1206 3422 10
1240 3357 1366 3421 scholio
1403 3358 1435 3418 id

143 3472 380 3536 dubitationem
413 3472 529 3546 babet,
565 3472 655 3555 quod
690 3471 774 3532 duae
807 3469 1032 3553 inscriptiones
1066 3469 1261 3540 afferuntur,
1300 3486 1436 3550 quarum

143 3593 279 3664 utraque
300 3581 511 3664 Sardanapali
534 3581 684 3665 supulcro
708 3571 793 3665 [r'Ev
815 3583 865 3664 τῷ
889 3579 989 3663 τάφῳ
1004 3575 1140 3660 011τοῦ1]
1164 3577 1319 3659 inscripta
1341 3577 1438 3639 101110

143 3692 268 3758 dicitur.
315 3693 421 3755 Priore
442 3692 529 3754 enirn
551 3692 624 3756 loco
647 3690 711 3754 hoc
731 3691 862 3772 legitur:
881 3681 1126 3774 ,Ἀπολλόδωρος
1147 3687 1183 3752 δὲ
1204 3684 1314 3754 ταῦτά
1335 3701 1438 3770 φησιν

143 3801 368 3886 ἐγγεγράφθαι
390 3799 426 3865 ἐν
445 3804 497 3886 τῷ
512 3800 611 3886 τάφῳ
625 3797 730 3866 αὐτοῦ
743 3791 917 3884 ,Ἀσσυρίοις
932 3799 1125 3883 γράμμασιν·
1151 3795 1435 3881 »Σαρδανάπαλος

133 3904 415 3995 Ἀνακυνδαράξου
443 3923 522 3987 παῖς
553 3905 676 3996 Ταρσόν
703 3934 737 3976 τε
765 3912 821 3976 καὶ
839 3901 1008 3995 ,Ἀγχιάλην
1038 3908 1160 3993 ἔδειμεν
1187 3907 1436 3988 11111;101010

142 4023 207 4086 tine
223 4022 336 4086 scholii
352 4023 432 4090 boc:
457 4021 516 4087 Διὸ
537 4021 688 4106 λέγουσιν
709 4019 745 4086 ἐν
766 4025 817 4106 τῷ
840 4021 939 4106 τάφῳ
959 4018 1063 4086 αὐτοῦ
1079 4017 1322 4102 ἐπιγεγράφθαι
1337 4017 1439 4080 τοῦτο

142 4132 184 4199 τὸ
204 4131 397 4216 ἐπίγραμμα·
420 4125 469 4197 un
492 4130 613 4210 δεδαὼς
634 4127 686 4196 ὅτι
703 4131 829 4217 θαητὸς
850 4130 939 4214 ἔφυς,
960 4127 1001 4194 ὃν
1016 4129 1127 4213 θυμὸν
1147 4121 1219 4208 ἄεξε
1239 4119 1437 4209 τερπόμενος

143 4245 282 4325 θαλίῃσι
303 4246 375 4308 κτλ.
419 4243 550 4306 Nodum
580 4245 714 4326 expedit
734 4242 876 4307 Naekius
898 4241 1048 4326 [Choerili
1079 4239 1180 4306 Samii
1210 4238 1324 4318 fragm.
1349 4235 1437 4317 Lips.

146 4357 242 4435 1817.
260 4371 335 4438 pag.
356 4354 525 4436 197-98l.
549 4373 624 4417 cum
646 4354 744 4417 docet
765 4352 851 4417 illam
873 4353 1113 4437 inscriptionem
1130 4369 1201 4412 esse
1223 4346 1437 4417 monumenti,

140 4465 235 4550 quod
256 4482 361 4548 prope
381 4461 572 4538 Anchialen,
595 4463 724 4528 Ciliciae
755 4465 877 4539 urbem,
909 4461 1102 4526 collocatum
1132 4458 1237 4530 luerit.
1262 4457 1346 4520 hanc
1368 4476 1439 4519 esse

141 4574 387 4660 inscriptionem
409 4573 509 4657 ipsius
530 4574 669 4655 sepulcri
691 4574 733 4640 ad
748 4575 868 4638 Ninum
890 4573 1004 4637 urbem
1028 4572 1134 4656 positi.
1153 4568 1305 4631 -Plura
1325 4565 1439 4629 afferre

141 4706 219 4752 cum
241 4685 375 4766 longum
398 4706 469 4749 esse
490 4686 646 4760 videatur.
670 4687 733 4749 iarn
755 4684 797 4748 ad
820 4704 859 4748 ea
887 4693 1105 4758 transeamus,
1128 4701 1212 4764 quae
1233 4678 1275 4742 de
1298 4675 1435 4742 Graeco-
