<?xml version="1.0" encoding="UTF-8"?>
<!DOCTYPE html PUBLIC "-//W3C//DTD XHTML 1.0 Transitional//EN"
    "http://www.w3.org/TR/xhtml1/DTD/xhtml1-transitional.dtd">
<html xmlns="http://www.w3.org/1999/xhtml" xml:lang="en" lang="en">
 <head>
  <title>
</title>
<meta http-equiv="Content-Type" content="text/html;charset=utf-8" />
  <meta name='ocr-system' content='tesseract 3.04.00' />
  <meta name='ocr-capabilities' content='ocr_page ocr_carea ocr_par ocr_line ocrx_word'/>
</head>
<body>
  <div class='ocr_page' id='page_1' title='image "./descholiisveter00claugoog_0052.png"; bbox 0 0 3486 5436; ppageno 0'>
   <div class='ocr_carea' id='block_1_1' title="bbox 735 512 780 572">
    <p class='ocr_par' dir='ltr' id='par_1_1' title="bbox 735 512 780 572">
     <span class='ocr_line' id='line_1_1' title="bbox 735 512 780 572; baseline 0 0"><span class='ocrx_word' id='word_1_1' title='bbox 735 512 780 572; x_wconf 83' lang='lat'>44</span> 
     </span>
    </p>
   </div>
   <div class='ocr_carea' id='block_1_2' title="bbox 125 702 1413 2220">
    <p class='ocr_par' dir='ltr' id='par_1_2' title="bbox 125 702 1413 2220">
     <span class='ocr_line' id='line_1_2' title="bbox 130 702 1413 791; baseline -0.002 -23"><span class='ocrx_word' id='word_1_2' title='bbox 130 707 233 774; x_wconf 88' lang='lat' dir='ltr'>tiones.</span> <span class='ocrx_word' id='word_1_3' title='bbox 275 708 325 772; x_wconf 88' lang='lat' dir='ltr'>Ac</span> <span class='ocrx_word' id='word_1_4' title='bbox 356 709 495 791; x_wconf 91' lang='lat' dir='ltr'>primum</span> <span class='ocrx_word' id='word_1_5' title='bbox 529 709 662 789; x_wconf 89' lang='lat' dir='ltr'>quidem</span> <span class='ocrx_word' id='word_1_6' title='bbox 693 708 812 791; x_wconf 91' lang='lat' dir='ltr'>quibus</span> <span class='ocrx_word' id='word_1_7' title='bbox 843 707 921 770; x_wconf 91' lang='lat' dir='ltr'>locis</span> <span class='ocrx_word' id='word_1_8' title='bbox 952 705 1078 769; x_wconf 88' lang='lat' dir='ltr'>Dianae</span> <span class='ocrx_word' id='word_1_9' title='bbox 1112 726 1203 770; x_wconf 87' lang='lat' dir='ltr'>sacra</span> <span class='ocrx_word' id='word_1_10' title='bbox 1235 702 1320 768; x_wconf 85' lang='lat' dir='ltr'>sacta</span> <span class='ocrx_word' id='word_1_11' title='bbox 1349 704 1413 768; x_wconf 89' lang='lat' dir='ltr'>sint</span> 
     </span>
     <span class='ocr_line' id='line_1_3' title="bbox 129 809 1411 901; baseline 0 -23"><span class='ocrx_word' id='word_1_12' title='bbox 129 815 283 898; x_wconf 81' lang='lat' dir='ltr'><strong>diligenter</strong></span> <span class='ocrx_word' id='word_1_13' title='bbox 314 827 480 882; x_wconf 86' lang='lat' dir='ltr'>enarratur</span> <span class='ocrx_word' id='word_1_14' title='bbox 516 820 548 882; x_wconf 92' lang='lat' dir='ltr'>in</span> <span class='ocrx_word' id='word_1_15' title='bbox 582 820 673 883; x_wconf 91' lang='lat' dir='ltr'>schol</span> <span class='ocrx_word' id='word_1_16' title='bbox 705 841 735 885; x_wconf 89' lang='lat' dir='ltr'>v.</span> <span class='ocrx_word' id='word_1_17' title='bbox 769 821 847 897; x_wconf 67' lang='lat'>873:</span> <span class='ocrx_word' id='word_1_18' title='bbox 881 814 1066 901; x_wconf 79' lang='grc' dir='ltr'><strong><em>Εὐφρόνιος</em></strong></span> <span class='ocrx_word' id='word_1_19' title='bbox 1095 816 1131 880; x_wconf 79' lang='grc' dir='ltr'>δέ</span> <span class='ocrx_word' id='word_1_20' title='bbox 1158 832 1259 900; x_wconf 84' lang='grc' dir='ltr'><strong><em>φησιν</em></strong></span> <span class='ocrx_word' id='word_1_21' title='bbox 1288 809 1340 879; x_wconf 84' lang='grc' dir='ltr'><strong><em>δτι</em></strong></span> <span class='ocrx_word' id='word_1_22' title='bbox 1374 812 1411 878; x_wconf 79' lang='grc' dir='ltr'>ἓν</span> 
     </span>
     <span class='ocr_line' id='line_1_4' title="bbox 126 917 1410 1012; baseline -0.002 -22"><span class='ocrx_word' id='word_1_23' title='bbox 126 917 303 1012; x_wconf 71' lang='grc' dir='ltr'><strong><em>Ῐλμαρύνθῳ</em></strong></span> <span class='ocrx_word' id='word_1_24' title='bbox 319 923 339 1012; x_wconf 79' lang='grc' dir='ltr'><em>ἡ</em></span> <span class='ocrx_word' id='word_1_25' title='bbox 362 931 525 1006; x_wconf 77' lang='grc' dir='ltr'><strong><em>Κολαινὶς,</em></strong></span> <span class='ocrx_word' id='word_1_26' title='bbox 550 927 602 994; x_wconf 85' lang='grc' dir='ltr'>διά</span> <span class='ocrx_word' id='word_1_27' title='bbox 624 927 665 993; x_wconf 82' lang='grc' dir='ltr'><strong><em>τό</em></strong></span> <span class='ocrx_word' id='word_1_28' title='bbox 686 919 975 1012; x_wconf 56' lang='grc' dir='ltr'><strong><em>τόνὲίχαμιζιινονα</em></strong></span> <span class='ocrx_word' id='word_1_29' title='bbox 997 930 1099 991; x_wconf 83' lang='grc' dir='ltr'><strong><em>θῦσαι</em></strong></span> <span class='ocrx_word' id='word_1_30' title='bbox 1122 922 1207 1008; x_wconf 73' lang='grc' dir='ltr'><strong><em>αὐτῇ</em></strong></span> <span class='ocrx_word' id='word_1_31' title='bbox 1229 923 1296 989; x_wconf 75' lang='grc' dir='ltr'>ἐκεῖ</span> <span class='ocrx_word' id='word_1_32' title='bbox 1315 917 1410 1008; x_wconf 82' lang='grc' dir='ltr'><strong><em>κριόν</em></strong></span> 
     </span>
     <span class='ocr_line' id='line_1_5' title="bbox 129 1029 1404 1124; baseline -0.002 -23"><span class='ocrx_word' id='word_1_33' title='bbox 129 1036 227 1102; x_wconf 82' lang='grc' dir='ltr'><strong><em>κόλον.</em></strong></span> <span class='ocrx_word' id='word_1_34' title='bbox 251 1035 305 1102; x_wconf 81' lang='grc' dir='ltr'>ἐπὶ</span> <span class='ocrx_word' id='word_1_35' title='bbox 325 1037 450 1124; x_wconf 82' lang='grc' dir='ltr'><strong><em>ταύτης</em></strong></span> <span class='ocrx_word' id='word_1_36' title='bbox 465 1039 497 1103; x_wconf 76' lang='grc' dir='ltr'>δὲ</span> <span class='ocrx_word' id='word_1_37' title='bbox 522 1040 728 1122; x_wconf 81' lang='grc' dir='ltr'><strong><em>Καλλίμαχος</em></strong></span> <span class='ocrx_word' id='word_1_38' title='bbox 751 1038 842 1122; x_wconf 66' lang='grc' dir='ltr'><strong><em>λέγει·</em></strong></span> <span class='ocrx_word' id='word_1_39' title='bbox 866 1037 945 1123; x_wconf 71' lang='grc' dir='ltr'><strong><em>»την</em></strong></span> <span class='ocrx_word' id='word_1_40' title='bbox 960 1031 1171 1120; x_wconf 81' lang='grc' dir='ltr'><strong><em>ὡγαμέμνων,</em></strong></span> <span class='ocrx_word' id='word_1_41' title='bbox 1194 1029 1240 1109; x_wconf 87' lang='grc' dir='ltr'>ὡς</span> <span class='ocrx_word' id='word_1_42' title='bbox 1256 1029 1274 1098; x_wconf 87' lang='grc' dir='ltr'>ὁ</span> <span class='ocrx_word' id='word_1_43' title='bbox 1288 1039 1404 1118; x_wconf 85' lang='grc' dir='ltr'><strong><em>μῦθος,</em></strong></span> 
     </span>
     <span class='ocr_line' id='line_1_6' title="bbox 127 1143 1406 1234; baseline 0 -26"><span class='ocrx_word' id='word_1_44' title='bbox 127 1143 229 1220; x_wconf 78' lang='grc' dir='ltr'><strong><em>τίσατο,</em></strong></span> <span class='ocrx_word' id='word_1_45' title='bbox 251 1151 292 1231; x_wconf 75' lang='grc' dir='ltr'><strong><em>τῇ</em></strong></span> <span class='ocrx_word' id='word_1_46' title='bbox 315 1150 369 1214; x_wconf 85' lang='grc' dir='ltr'>καὶ</span> <span class='ocrx_word' id='word_1_47' title='bbox 393 1149 534 1234; x_wconf 87' lang='grc' dir='ltr'><strong><em>λίιιουρα</em></strong></span> <span class='ocrx_word' id='word_1_48' title='bbox 556 1151 612 1214; x_wconf 82' lang='grc' dir='ltr'>καὶ</span> <span class='ocrx_word' id='word_1_49' title='bbox 634 1147 774 1231; x_wconf 85' lang='grc' dir='ltr'><strong><em>μόνιοπα</em></strong></span> <span class='ocrx_word' id='word_1_50' title='bbox 791 1150 944 1216; x_wconf 64' lang='grc' dir='ltr'><strong><em>θάττους</em></strong></span> <span class='ocrx_word' id='word_1_51' title='bbox 973 1155 1072 1212; x_wconf 89' lang='grc' dir='ltr'><strong><em>τοῦτο</em></strong></span> <span class='ocrx_word' id='word_1_52' title='bbox 1087 1145 1120 1210; x_wconf 75' lang='grc' dir='ltr'>δὲ·</span> <span class='ocrx_word' id='word_1_53' title='bbox 1141 1143 1267 1229; x_wconf 81' lang='grc' dir='ltr'><strong><em>μηποτε</em></strong></span> <span class='ocrx_word' id='word_1_54' title='bbox 1291 1144 1406 1228; x_wconf 82' lang='grc' dir='ltr'><strong><em>ἐσχεδί·</em></strong></span> 
     </span>
     <span class='ocr_line' id='line_1_7' title="bbox 126 1247 1406 1344; baseline -0.002 -24"><span class='ocrx_word' id='word_1_55' title='bbox 126 1275 216 1322; x_wconf 85' lang='grc' dir='ltr'><strong><em>ασται.</em></strong></span> <span class='ocrx_word' id='word_1_56' title='bbox 249 1256 278 1322; x_wconf 78' lang='grc' dir='ltr'>οἱ</span> <span class='ocrx_word' id='word_1_57' title='bbox 310 1257 374 1343; x_wconf 76' lang='grc' dir='ltr'><strong><em>γὰρ</em></strong></span> <span class='ocrx_word' id='word_1_58' title='bbox 406 1259 639 1344; x_wconf 67' lang='grc' dir='ltr'><strong><em>Μυρρινούσιοι</em></strong></span> <span class='ocrx_word' id='word_1_59' title='bbox 675 1259 851 1324; x_wconf 74' lang='grc' dir='ltr'><strong><em>Κολαινίδα</em></strong></span> <span class='ocrx_word' id='word_1_60' title='bbox 885 1256 1119 1341; x_wconf 73' lang='grc' dir='ltr'><strong><em>ἐπονομάζουσι</em></strong></span> <span class='ocrx_word' id='word_1_61' title='bbox 1153 1255 1215 1340; x_wconf 74' lang='grc' dir='ltr'><strong><em>τὴν</em></strong></span> <span class='ocrx_word' id='word_1_62' title='bbox 1252 1247 1406 1340; x_wconf 68' lang='grc' dir='ltr'><strong><em>Ἄρτεμιν,</em></strong></span> 
     </span>
     <span class='ocr_line' id='line_1_8' title="bbox 126 1361 1404 1454; baseline -0.002 -24"><span class='ocrx_word' id='word_1_63' title='bbox 126 1361 222 1452; x_wconf 77' lang='grc' dir='ltr'><strong><em>ὥσπερ</em></strong></span> <span class='ocrx_word' id='word_1_64' title='bbox 244 1370 408 1454; x_wconf 81' lang='grc' dir='ltr'><strong><em>Παιραιιις</em></strong></span> <span class='ocrx_word' id='word_1_65' title='bbox 430 1371 493 1453; x_wconf 82' lang='grc' dir='ltr'><strong><em>την</em></strong></span> <span class='ocrx_word' id='word_1_66' title='bbox 516 1371 715 1453; x_wconf 84' lang='grc' dir='ltr'><strong><em>Μουνυχίαν,</em></strong></span> <span class='ocrx_word' id='word_1_67' title='bbox 744 1367 897 1434; x_wconf 81' lang='grc' dir='ltr'><strong><em>Φιλαίδαι</em></strong></span> <span class='ocrx_word' id='word_1_68' title='bbox 919 1369 954 1432; x_wconf 75' lang='grc' dir='ltr'>δὲ</span> <span class='ocrx_word' id='word_1_69' title='bbox 977 1367 1039 1452; x_wconf 75' lang='grc' dir='ltr'><strong><em>τὴν</em></strong></span> <span class='ocrx_word' id='word_1_70' title='bbox 1061 1367 1286 1450; x_wconf 79' lang='grc' dir='ltr'><strong><em>Βραυρωνίαν.</em></strong></span> <span class='ocrx_word' id='word_1_71' title='bbox 1331 1365 1404 1428; x_wconf 83' lang='grc' dir='ltr'>Νοο</span> 
     </span>
     <span class='ocr_line' id='line_1_9' title="bbox 127 1473 1402 1561; baseline -0.001 -22"><span class='ocrx_word' id='word_1_72' title='bbox 127 1477 247 1540; x_wconf 90' lang='lat' dir='ltr'>dubium</span> <span class='ocrx_word' id='word_1_73' title='bbox 271 1491 329 1552; x_wconf 85' lang='lat' dir='ltr'>est,</span> <span class='ocrx_word' id='word_1_74' title='bbox 354 1481 432 1561; x_wconf 92' lang='lat' dir='ltr'>quin</span> <span class='ocrx_word' id='word_1_75' title='bbox 455 1481 650 1543; x_wconf 86' lang='lat' dir='ltr'><strong>sententiam</strong></span> <span class='ocrx_word' id='word_1_76' title='bbox 673 1479 852 1561; x_wconf 91' lang='lat' dir='ltr'>Euphronii</span> <span class='ocrx_word' id='word_1_77' title='bbox 875 1479 956 1541; x_wconf 88' lang='lat' dir='ltr'>alius</span> <span class='ocrx_word' id='word_1_78' title='bbox 980 1479 1138 1560; x_wconf 87' lang='lat' dir='ltr'>interpres</span> <span class='ocrx_word' id='word_1_79' title='bbox 1160 1485 1247 1539; x_wconf 86' lang='lat' dir='ltr'>recte</span> <span class='ocrx_word' id='word_1_80' title='bbox 1271 1473 1402 1538; x_wconf 83' lang='lat' dir='ltr'>refellat.</span> 
     </span>
     <span class='ocr_line' id='line_1_10' title="bbox 126 1578 1403 1672; baseline -0.002 -24"><span class='ocrx_word' id='word_1_81' title='bbox 126 1586 197 1650; x_wconf 91' lang='lat' dir='ltr'>Nam</span> <span class='ocrx_word' id='word_1_82' title='bbox 219 1587 323 1650; x_wconf 88' lang='lat' dir='ltr'>Diana</span> <span class='ocrx_word' id='word_1_83' title='bbox 352 1610 437 1672; x_wconf 88' lang='lat' dir='ltr'>quae</span> <span class='ocrx_word' id='word_1_84' title='bbox 461 1589 656 1670; x_wconf 80' lang='lat' dir='ltr'>Amarynthi</span> <span class='ocrx_word' id='word_1_85' title='bbox 686 1590 808 1660; x_wconf 84' lang='lat' dir='ltr'>colitur,</span> <span class='ocrx_word' id='word_1_86' title='bbox 839 1589 960 1669; x_wconf 91' lang='lat' dir='ltr'>ubique</span> <span class='ocrx_word' id='word_1_87' title='bbox 982 1578 1181 1671; x_wconf 71' lang='grc' dir='ltr'><strong><em>Άμαρυνθία</em></strong></span> <span class='ocrx_word' id='word_1_88' title='bbox 1212 1584 1403 1668; x_wconf 90' lang='lat' dir='ltr'>appellatur,</span> 
     </span>
     <span class='ocr_line' id='line_1_11' title="bbox 127 1695 1405 1783; baseline -0.002 -24"><span class='ocrx_word' id='word_1_89' title='bbox 127 1696 256 1778; x_wconf 88' lang='lat' dir='ltr'>[Pausan.</span> <span class='ocrx_word' id='word_1_90' title='bbox 280 1699 303 1772; x_wconf 94' lang='lat'>1,</span> <span class='ocrx_word' id='word_1_91' title='bbox 330 1715 381 1779; x_wconf 80' lang='lat'>31,</span> <span class='ocrx_word' id='word_1_92' title='bbox 407 1702 504 1782; x_wconf 76' lang='lat'>4-5]</span> <span class='ocrx_word' id='word_1_93' title='bbox 521 1701 542 1783; x_wconf 86' lang='lat'>¹)</span> <span class='ocrx_word' id='word_1_94' title='bbox 564 1721 584 1762; x_wconf 91' lang='lat' dir='ltr'>a</span> <span class='ocrx_word' id='word_1_95' title='bbox 617 1719 681 1782; x_wconf 90' lang='lat' dir='ltr'>qua</span> <span class='ocrx_word' id='word_1_96' title='bbox 712 1699 850 1761; x_wconf 84' lang='lat' dir='ltr'>Dianam</span> <span class='ocrx_word' id='word_1_97' title='bbox 883 1695 1101 1770; x_wconf 87' lang='lat' dir='ltr'>Colaenidem,</span> <span class='ocrx_word' id='word_1_98' title='bbox 1134 1716 1219 1780; x_wconf 90' lang='lat' dir='ltr'>quae</span> <span class='ocrx_word' id='word_1_99' title='bbox 1251 1697 1283 1758; x_wconf 92' lang='lat' dir='ltr'>in</span> <span class='ocrx_word' id='word_1_100' title='bbox 1316 1714 1405 1777; x_wconf 83' lang='lat' dir='ltr'>pago</span> 
     </span>
     <span class='ocr_line' id='line_1_12' title="bbox 126 1805 1405 1890; baseline 0 -22"><span class='ocrx_word' id='word_1_101' title='bbox 126 1806 328 1888; x_wconf 81' lang='lat' dir='ltr'>Myrrhinusio</span> <span class='ocrx_word' id='word_1_102' title='bbox 363 1810 504 1883; x_wconf 82' lang='lat' dir='ltr'>colatur,</span> <span class='ocrx_word' id='word_1_103' title='bbox 542 1811 651 1889; x_wconf 91' lang='lat' dir='ltr'>utique</span> <span class='ocrx_word' id='word_1_104' title='bbox 681 1809 914 1890; x_wconf 86' lang='lat' dir='ltr'>seiungendam</span> <span class='ocrx_word' id='word_1_105' title='bbox 944 1828 1014 1871; x_wconf 90' lang='lat' dir='ltr'>esse</span> <span class='ocrx_word' id='word_1_106' title='bbox 1046 1806 1150 1870; x_wconf 88' lang='lat' dir='ltr'>elucet</span> <span class='ocrx_word' id='word_1_107' title='bbox 1179 1827 1198 1868; x_wconf 89' lang='lat' dir='ltr'>e</span> <span class='ocrx_word' id='word_1_108' title='bbox 1229 1805 1405 1868; x_wconf 89' lang='lat' dir='ltr'>Pausaniae</span> 
     </span>
     <span class='ocr_line' id='line_1_13' title="bbox 126 1900 1404 2000; baseline -0.002 -22"><span class='ocrx_word' id='word_1_109' title='bbox 126 1918 220 1982; x_wconf 88' lang='lat' dir='ltr'>verbis</span> <span class='ocrx_word' id='word_1_110' title='bbox 240 1919 258 1982; x_wconf 92' lang='lat' dir='ltr'>l.</span> <span class='ocrx_word' id='word_1_111' title='bbox 282 1921 303 1986; x_wconf 86' lang='lat'>1.</span> <span class='ocrx_word' id='word_1_112' title='bbox 335 1920 474 1992; x_wconf 89' lang='lat' dir='ltr'>Dianam</span> <span class='ocrx_word' id='word_1_113' title='bbox 504 1941 581 1983; x_wconf 88' lang='lat' dir='ltr'>vero</span> <span class='ocrx_word' id='word_1_114' title='bbox 610 1919 819 2000; x_wconf 84' lang='lat' dir='ltr'>Munychiam</span> <span class='ocrx_word' id='word_1_115' title='bbox 850 1919 1035 1981; x_wconf 86' lang='lat' dir='ltr'>Piraecnses</span> <span class='ocrx_word' id='word_1_116' title='bbox 1069 1917 1205 1978; x_wconf 89' lang='lat' dir='ltr'>coluisse</span> <span class='ocrx_word' id='word_1_117' title='bbox 1228 1900 1404 1977; x_wconf 79' lang='lat' dir='ltr'>Pausanias</span> 
     </span>
     <span class='ocr_line' id='line_1_14' title="bbox 125 2011 1404 2111; baseline -0.002 -23"><span class='ocrx_word' id='word_1_118' title='bbox 125 2026 144 2099; x_wconf 89' lang='grc' dir='ltr'><strong><em>Ι,</em></strong></span> <span class='ocrx_word' id='word_1_119' title='bbox 169 2044 191 2102; x_wconf 87' lang='grc' dir='ltr'><strong><em>ι,</em></strong></span> <span class='ocrx_word' id='word_1_120' title='bbox 207 2047 228 2107; x_wconf 88' lang='grc'>4</span> <span class='ocrx_word' id='word_1_121' title='bbox 242 2027 391 2094; x_wconf 83' lang='lat' dir='ltr'>affirmat.</span> <span class='ocrx_word' id='word_1_122' title='bbox 436 2030 488 2092; x_wconf 91' lang='lat' dir='ltr'>De</span> <span class='ocrx_word' id='word_1_123' title='bbox 504 2011 610 2092; x_wconf 83' lang='lat' dir='ltr'>Diana</span> <span class='ocrx_word' id='word_1_124' title='bbox 633 2030 782 2111; x_wconf 86' lang='lat' dir='ltr'>denique,</span> <span class='ocrx_word' id='word_1_125' title='bbox 807 2049 889 2111; x_wconf 89' lang='lat' dir='ltr'>quae</span> <span class='ocrx_word' id='word_1_126' title='bbox 914 2029 1028 2091; x_wconf 90' lang='lat' dir='ltr'>dicitur</span> <span class='ocrx_word' id='word_1_127' title='bbox 1043 2025 1230 2096; x_wconf 87' lang='lat' dir='ltr'>Brauronia,</span> <span class='ocrx_word' id='word_1_128' title='bbox 1255 2011 1404 2087; x_wconf 79' lang='lat' dir='ltr'>conferas</span> 
     </span>
     <span class='ocr_line' id='line_1_15' title="bbox 125 2131 1401 2220; baseline -0.002 -22"><span class='ocrx_word' id='word_1_129' title='bbox 125 2135 348 2202; x_wconf 86' lang='lat' dir='ltr'>Hemsterhusii</span> <span class='ocrx_word' id='word_1_130' title='bbox 378 2140 420 2202; x_wconf 92' lang='lat' dir='ltr'>ad</span> <span class='ocrx_word' id='word_1_131' title='bbox 444 2138 564 2205; x_wconf 91' lang='lat' dir='ltr'>Polluc.</span> <span class='ocrx_word' id='word_1_132' title='bbox 588 2157 619 2218; x_wconf 85' lang='lat'>9.</span> <span class='ocrx_word' id='word_1_133' title='bbox 646 2155 688 2220; x_wconf 89' lang='lat'>74</span> <span class='ocrx_word' id='word_1_134' title='bbox 710 2141 965 2204; x_wconf 84' lang='lat' dir='ltr'>annotationem.</span> <span class='ocrx_word' id='word_1_135' title='bbox 991 2174 1033 2186; x_wconf 86' lang='lat'>-</span> <span class='ocrx_word' id='word_1_136' title='bbox 1047 2136 1210 2218; x_wconf 82' lang='lat' dir='ltr'>Neptuno</span> <span class='ocrx_word' id='word_1_137' title='bbox 1243 2135 1275 2196; x_wconf 93' lang='lat' dir='ltr'>in</span> <span class='ocrx_word' id='word_1_138' title='bbox 1299 2131 1401 2196; x_wconf 88' lang='lat' dir='ltr'>Sunio</span> 
     </span>
    </p>
   </div>
   <div class='ocr_carea' id='block_1_3' title="bbox 30 2239 1402 2329">
    <p class='ocr_par' dir='ltr' id='par_1_3' title="bbox 30 2239 1402 2329">
     <span class='ocr_line' id='line_1_16' title="bbox 30 2239 1402 2329; baseline -0.001 -21"><span class='ocrx_word' id='word_1_139' title='bbox 30 2239 31 2254; x_wconf 53' lang='lat'>¹</span> <span class='ocrx_word' id='word_1_140' title='bbox 124 2249 335 2326; x_wconf 81' lang='lat' dir='ltr'>promontorio</span> <span class='ocrx_word' id='word_1_141' title='bbox 351 2269 442 2313; x_wconf 90' lang='lat' dir='ltr'>sacra</span> <span class='ocrx_word' id='word_1_142' title='bbox 464 2249 550 2312; x_wconf 87' lang='lat' dir='ltr'>lacta</span> <span class='ocrx_word' id='word_1_143' title='bbox 572 2267 642 2312; x_wconf 87' lang='lat' dir='ltr'>esse</span> <span class='ocrx_word' id='word_1_144' title='bbox 666 2268 730 2311; x_wconf 94' lang='lat' dir='ltr'>non</span> <span class='ocrx_word' id='word_1_145' title='bbox 748 2250 877 2329; x_wconf 88' lang='lat' dir='ltr'>ignorat</span> <span class='ocrx_word' id='word_1_146' title='bbox 898 2248 1085 2312; x_wconf 88' lang='lat' dir='ltr'>scholiastes</span> <span class='ocrx_word' id='word_1_147' title='bbox 1109 2247 1142 2307; x_wconf 91' lang='lat' dir='ltr'>in</span> <span class='ocrx_word' id='word_1_148' title='bbox 1163 2244 1262 2308; x_wconf 89' lang='lat' dir='ltr'>schol.</span> <span class='ocrx_word' id='word_1_149' title='bbox 1279 2265 1308 2307; x_wconf 89' lang='lat' dir='ltr'>v.</span> <span class='ocrx_word' id='word_1_150' title='bbox 1328 2245 1402 2322; x_wconf 90' lang='lat'><strong>869.</strong></span> 
     </span>
    </p>
   </div>
   <div class='ocr_carea' id='block_1_4' title="bbox 121 2353 1403 3433">
    <p class='ocr_par' dir='ltr' id='par_1_4' title="bbox 121 2353 1403 3433">
     <span class='ocr_line' id='line_1_17' title="bbox 124 2353 1403 2441; baseline -0.003 -23"><span class='ocrx_word' id='word_1_151' title='bbox 124 2353 310 2420; x_wconf 87' lang='lat' dir='ltr'>Graecorum</span> <span class='ocrx_word' id='word_1_152' title='bbox 337 2359 521 2441; x_wconf 90' lang='lat' dir='ltr'>Dionysum</span> <span class='ocrx_word' id='word_1_153' title='bbox 552 2358 776 2440; x_wconf 84' lang='lat' dir='ltr'>aPhrygibus</span> <span class='ocrx_word' id='word_1_154' title='bbox 799 2357 970 2421; x_wconf 89' lang='lat' dir='ltr'>Sabazium</span> <span class='ocrx_word' id='word_1_155' title='bbox 1000 2356 1153 2440; x_wconf 87' lang='lat' dir='ltr'>appellari</span> <span class='ocrx_word' id='word_1_156' title='bbox 1184 2355 1216 2417; x_wconf 92' lang='lat' dir='ltr'>in</span> <span class='ocrx_word' id='word_1_157' title='bbox 1246 2354 1348 2419; x_wconf 89' lang='lat' dir='ltr'>schol.</span> <span class='ocrx_word' id='word_1_158' title='bbox 1371 2375 1403 2416; x_wconf 82' lang='lat' dir='ltr'>v.</span> 
     </span>
     <span class='ocr_line' id='line_1_18' title="bbox 124 2465 1398 2552; baseline 0.001 -24"><span class='ocrx_word' id='word_1_159' title='bbox 124 2467 181 2546; x_wconf 88' lang='lat'>874</span> <span class='ocrx_word' id='word_1_160' title='bbox 204 2469 389 2532; x_wconf 87' lang='lat' dir='ltr'>scholiastes</span> <span class='ocrx_word' id='word_1_161' title='bbox 421 2490 439 2532; x_wconf 90' lang='lat' dir='ltr'>e</span> <span class='ocrx_word' id='word_1_162' title='bbox 468 2470 550 2533; x_wconf 92' lang='lat' dir='ltr'>libro</span> <span class='ocrx_word' id='word_1_163' title='bbox 581 2469 775 2552; x_wconf 92' lang='lat' dir='ltr'>Nymphidis</span> <span class='ocrx_word' id='word_1_164' title='bbox 805 2469 917 2531; x_wconf 89' lang='lat' dir='ltr'>didicit</span> <span class='ocrx_word' id='word_1_165' title='bbox 946 2466 1020 2550; x_wconf 75' lang='lat' dir='ltr'>[cfr.</span> <span class='ocrx_word' id='word_1_166' title='bbox 1051 2468 1149 2531; x_wconf 91' lang='lat' dir='ltr'>Phot.</span> <span class='ocrx_word' id='word_1_167' title='bbox 1173 2487 1198 2532; x_wconf 89' lang='lat' dir='ltr'>s.</span> <span class='ocrx_word' id='word_1_168' title='bbox 1223 2486 1252 2526; x_wconf 88' lang='lat' dir='ltr'>v.</span> <span class='ocrx_word' id='word_1_169' title='bbox 1278 2465 1398 2541; x_wconf 81' lang='grc' dir='ltr'><strong><em>Σαβοί;</em></strong></span> 
     </span>
     <span class='ocr_line' id='line_1_19' title="bbox 124 2574 1401 2662; baseline 0 -24"><span class='ocrx_word' id='word_1_170' title='bbox 124 2575 267 2661; x_wconf 87' lang='lat' dir='ltr'>Harpocr.</span> <span class='ocrx_word' id='word_1_171' title='bbox 291 2599 316 2644; x_wconf 90' lang='lat' dir='ltr'>s.</span> <span class='ocrx_word' id='word_1_172' title='bbox 341 2600 370 2641; x_wconf 93' lang='lat' dir='ltr'>v.</span> <span class='ocrx_word' id='word_1_173' title='bbox 403 2581 520 2660; x_wconf 79' lang='grc' dir='ltr'><strong><em>Σαβοί;</em></strong></span> <span class='ocrx_word' id='word_1_174' title='bbox 553 2579 696 2661; x_wconf 89' lang='lat' dir='ltr'>Hesych.</span> <span class='ocrx_word' id='word_1_175' title='bbox 721 2599 746 2644; x_wconf 91' lang='lat' dir='ltr'>s.</span> <span class='ocrx_word' id='word_1_176' title='bbox 769 2599 801 2646; x_wconf 89' lang='lat' dir='ltr'>v.</span> <span class='ocrx_word' id='word_1_177' title='bbox 835 2577 1006 2660; x_wconf 76' lang='grc' dir='ltr'><strong><em>Σαβάζιος.</em></strong></span> <span class='ocrx_word' id='word_1_178' title='bbox 1022 2581 1045 2662; x_wconf 68' lang='lat'>2)</span> <span class='ocrx_word' id='word_1_179' title='bbox 1091 2577 1126 2639; x_wconf 94' lang='lat' dir='ltr'>In</span> <span class='ocrx_word' id='word_1_180' title='bbox 1157 2574 1258 2640; x_wconf 89' lang='lat' dir='ltr'>schol.</span> <span class='ocrx_word' id='word_1_181' title='bbox 1282 2595 1311 2637; x_wconf 87' lang='lat' dir='ltr'>v.</span> <span class='ocrx_word' id='word_1_182' title='bbox 1339 2575 1401 2653; x_wconf 87' lang='lat'>827</span> 
     </span>
     <span class='ocr_line' id='line_1_20' title="bbox 122 2681 1401 2778; baseline 0 -31"><span class='ocrx_word' id='word_1_183' title='bbox 122 2685 178 2748; x_wconf 91' lang='lat' dir='ltr'>hoc</span> <span class='ocrx_word' id='word_1_184' title='bbox 205 2685 335 2770; x_wconf 84' lang='lat' dir='ltr'>legitur:</span> <span class='ocrx_word' id='word_1_185' title='bbox 371 2693 416 2771; x_wconf 79' lang='grc' dir='ltr'>Τῇ</span> <span class='ocrx_word' id='word_1_186' title='bbox 437 2685 559 2778; x_wconf 73' lang='grc' dir='ltr'><strong><em>Ἀθηνᾷ</em></strong></span> <span class='ocrx_word' id='word_1_187' title='bbox 587 2688 720 2754; x_wconf 88' lang='grc' dir='ltr'><strong><em>πολιάδι</em></strong></span> <span class='ocrx_word' id='word_1_188' title='bbox 748 2681 828 2771; x_wconf 85' lang='grc' dir='ltr'><strong><em>οόοη</em></strong></span> <span class='ocrx_word' id='word_1_189' title='bbox 860 2688 984 2765; x_wconf 78' lang='grc' dir='ltr'><strong><em>πέπλος</em></strong></span> <span class='ocrx_word' id='word_1_190' title='bbox 1018 2686 1142 2770; x_wconf 80' lang='grc' dir='ltr'><strong><em>ἐγίνετο</em></strong></span> <span class='ocrx_word' id='word_1_191' title='bbox 1171 2685 1401 2767; x_wconf 82' lang='grc' dir='ltr'><strong><em>παμποίκιλος,</em></strong></span> 
     </span>
     <span class='ocr_line' id='line_1_21' title="bbox 121 2790 1401 2884; baseline -0.003 -24"><span class='ocrx_word' id='word_1_192' title='bbox 121 2790 156 2860; x_wconf 84' lang='grc' dir='ltr'>όν</span> <span class='ocrx_word' id='word_1_193' title='bbox 177 2794 332 2883; x_wconf 81' lang='grc' dir='ltr'><strong><em>ἀνέφερον</em></strong></span> <span class='ocrx_word' id='word_1_194' title='bbox 361 2797 398 2863; x_wconf 77' lang='grc' dir='ltr'>ἐν</span> <span class='ocrx_word' id='word_1_195' title='bbox 426 2803 469 2882; x_wconf 79' lang='grc' dir='ltr'><strong><em>τῇ</em></strong></span> <span class='ocrx_word' id='word_1_196' title='bbox 500 2802 616 2883; x_wconf 78' lang='grc' dir='ltr'><strong><em>πομπῇ</em></strong></span> <span class='ocrx_word' id='word_1_197' title='bbox 643 2807 712 2864; x_wconf 80' lang='grc' dir='ltr'><strong><em>τῶν</em></strong></span> <span class='ocrx_word' id='word_1_198' title='bbox 742 2801 998 2884; x_wconf 83' lang='grc' dir='ltr'><strong><em>Παναθηναίων.</em></strong></span> <span class='ocrx_word' id='word_1_199' title='bbox 1045 2799 1110 2860; x_wconf 88' lang='lat' dir='ltr'>Res</span> <span class='ocrx_word' id='word_1_200' title='bbox 1146 2796 1312 2860; x_wconf 89' lang='lat' dir='ltr'>notissima</span> <span class='ocrx_word' id='word_1_201' title='bbox 1343 2804 1401 2866; x_wconf 90' lang='lat' dir='ltr'>est,</span> 
     </span>
     <span class='ocr_line' id='line_1_22' title="bbox 122 2900 1401 2992; baseline -0.001 -23"><span class='ocrx_word' id='word_1_202' title='bbox 122 2925 175 2970; x_wconf 88' lang='lat' dir='ltr'>nec</span> <span class='ocrx_word' id='word_1_203' title='bbox 197 2911 297 2971; x_wconf 87' lang='lat' dir='ltr'>minus</span> <span class='ocrx_word' id='word_1_204' title='bbox 328 2921 442 2973; x_wconf 91' lang='lat' dir='ltr'>notum</span> <span class='ocrx_word' id='word_1_205' title='bbox 473 2911 557 2984; x_wconf 88' lang='lat' dir='ltr'>illud,</span> <span class='ocrx_word' id='word_1_206' title='bbox 589 2911 680 2992; x_wconf 89' lang='lat' dir='ltr'>quod</span> <span class='ocrx_word' id='word_1_207' title='bbox 709 2920 758 2974; x_wconf 90' lang='lat' dir='ltr'>est</span> <span class='ocrx_word' id='word_1_208' title='bbox 788 2911 820 2971; x_wconf 95' lang='lat' dir='ltr'>in</span> <span class='ocrx_word' id='word_1_209' title='bbox 844 2908 943 2975; x_wconf 84' lang='lat' dir='ltr'>schol.</span> <span class='ocrx_word' id='word_1_210' title='bbox 967 2929 997 2974; x_wconf 89' lang='lat' dir='ltr'>v.</span> <span class='ocrx_word' id='word_1_211' title='bbox 1023 2909 1103 2988; x_wconf 83' lang='lat'><strong>865:</strong></span> <span class='ocrx_word' id='word_1_212' title='bbox 1135 2908 1199 2972; x_wconf 82' lang='lat' dir='ltr'>Kal</span> <span class='ocrx_word' id='word_1_213' title='bbox 1229 2902 1292 2989; x_wconf 83' lang='grc' dir='ltr'><strong><em>γὰρ</em></strong></span> <span class='ocrx_word' id='word_1_214' title='bbox 1324 2900 1401 2978; x_wconf 83' lang='grc' dir='ltr'><strong><em>ἔθος</em></strong></span> 
     </span>
     <span class='ocr_line' id='line_1_23' title="bbox 122 3013 1403 3106; baseline -0.003 -26"><span class='ocrx_word' id='word_1_215' title='bbox 122 3013 182 3080; x_wconf 82' lang='grc' dir='ltr'>άπὸ</span> <span class='ocrx_word' id='word_1_216' title='bbox 201 3027 258 3102; x_wconf 86' lang='grc' dir='ltr'><strong><em>τῆς</em></strong></span> <span class='ocrx_word' id='word_1_217' title='bbox 277 3015 402 3095; x_wconf 78' lang='grc' dir='ltr'><strong><em>Ἑστίας</em></strong></span> <span class='ocrx_word' id='word_1_218' title='bbox 425 3017 631 3106; x_wconf 80' lang='grc' dir='ltr'><strong><em>ἀπάρχεσθαι</em></strong></span> <span class='ocrx_word' id='word_1_219' title='bbox 661 3018 697 3084; x_wconf 75' lang='grc' dir='ltr'>ἐν</span> <span class='ocrx_word' id='word_1_220' title='bbox 727 3032 799 3094; x_wconf 80' lang='grc' dir='ltr'><strong><em>ταῖς</em></strong></span> <span class='ocrx_word' id='word_1_221' title='bbox 821 3021 961 3095; x_wconf 88' lang='grc' dir='ltr'><strong><em>θυσίαις.</em></strong></span> <span class='ocrx_word' id='word_1_222' title='bbox 979 3015 1003 3104; x_wconf 76' lang='lat'>³)</span> <span class='ocrx_word' id='word_1_223' title='bbox 1050 3017 1150 3081; x_wconf 87' lang='lat' dir='ltr'>Sellas</span> <span class='ocrx_word' id='word_1_224' title='bbox 1182 3016 1403 3095; x_wconf 89' lang='lat' dir='ltr'>umbellasque</span> 
     </span>
     <span class='ocr_line' id='line_1_24' title="bbox 125 3125 1401 3216; baseline -0.006 -21"><span class='ocrx_word' id='word_1_225' title='bbox 125 3138 281 3207; x_wconf 80' lang='lat' dir='ltr'>gestantes</span> <span class='ocrx_word' id='word_1_226' title='bbox 303 3129 383 3192; x_wconf 91' lang='lat' dir='ltr'>filias</span> <span class='ocrx_word' id='word_1_227' title='bbox 406 3131 635 3216; x_wconf 87' lang='lat' dir='ltr'>inquilinorum</span> <span class='ocrx_word' id='word_1_228' title='bbox 651 3131 798 3194; x_wconf 91' lang='lat' dir='ltr'>comitari</span> <span class='ocrx_word' id='word_1_229' title='bbox 822 3130 933 3194; x_wconf 88' lang='lat' dir='ltr'>solitas</span> <span class='ocrx_word' id='word_1_230' title='bbox 950 3149 1021 3193; x_wconf 88' lang='lat' dir='ltr'>esse</span> <span class='ocrx_word' id='word_1_231' title='bbox 1037 3128 1251 3208; x_wconf 87' lang='lat' dir='ltr'>Canephoros</span> <span class='ocrx_word' id='word_1_232' title='bbox 1268 3125 1401 3202; x_wconf 83' lang='lat' dir='ltr'>Atheni-</span> 
     </span>
     <span class='ocr_line' id='line_1_25' title="bbox 124 3236 1400 3321; baseline 0.001 -25"><span class='ocrx_word' id='word_1_233' title='bbox 124 3255 208 3300; x_wconf 88' lang='lat' dir='ltr'>enses</span> <span class='ocrx_word' id='word_1_234' title='bbox 229 3249 315 3302; x_wconf 90' lang='lat' dir='ltr'>recte</span> <span class='ocrx_word' id='word_1_235' title='bbox 337 3241 525 3304; x_wconf 89' lang='lat' dir='ltr'>scholiastes</span> <span class='ocrx_word' id='word_1_236' title='bbox 555 3242 652 3304; x_wconf 91' lang='lat' dir='ltr'>docet</span> <span class='ocrx_word' id='word_1_237' title='bbox 683 3242 713 3303; x_wconf 96' lang='lat' dir='ltr'>in</span> <span class='ocrx_word' id='word_1_238' title='bbox 744 3240 834 3304; x_wconf 90' lang='lat' dir='ltr'>schol</span> <span class='ocrx_word' id='word_1_239' title='bbox 857 3261 887 3306; x_wconf 90' lang='lat' dir='ltr'>v.</span> <span class='ocrx_word' id='word_1_240' title='bbox 916 3253 1010 3319; x_wconf 85' lang='lat'>1551.</span> <span class='ocrx_word' id='word_1_241' title='bbox 1025 3241 1051 3321; x_wconf 83' lang='lat'>⁴)</span> <span class='ocrx_word' id='word_1_242' title='bbox 1098 3239 1134 3301; x_wconf 91' lang='lat' dir='ltr'>In</span> <span class='ocrx_word' id='word_1_243' title='bbox 1155 3236 1255 3300; x_wconf 88' lang='lat' dir='ltr'>schol.</span> <span class='ocrx_word' id='word_1_244' title='bbox 1280 3257 1312 3301; x_wconf 85' lang='lat' dir='ltr'>v.</span> <span class='ocrx_word' id='word_1_245' title='bbox 1337 3251 1400 3314; x_wconf 88' lang='lat'>292</span> 
     </span>
     <span class='ocr_line' id='line_1_26' title="bbox 123 3348 1401 3433; baseline 0 -25"><span class='ocrx_word' id='word_1_246' title='bbox 123 3348 159 3408; x_wconf 91' lang='lat' dir='ltr'>de</span> <span class='ocrx_word' id='word_1_247' title='bbox 181 3351 387 3412; x_wconf 87' lang='lat' dir='ltr'>certaminum</span> <span class='ocrx_word' id='word_1_248' title='bbox 411 3353 585 3433; x_wconf 86' lang='lat' dir='ltr'>generibus</span> <span class='ocrx_word' id='word_1_249' title='bbox 601 3351 753 3414; x_wconf 90' lang='lat' dir='ltr'>nonnulla</span> <span class='ocrx_word' id='word_1_250' title='bbox 777 3360 974 3424; x_wconf 85' lang='lat' dir='ltr'>enarrantur,</span> <span class='ocrx_word' id='word_1_251' title='bbox 999 3370 1093 3432; x_wconf 90' lang='lat' dir='ltr'>quae,</span> <span class='ocrx_word' id='word_1_252' title='bbox 1112 3367 1312 3430; x_wconf 88' lang='lat' dir='ltr'>quamquam</span> <span class='ocrx_word' id='word_1_253' title='bbox 1327 3366 1401 3409; x_wconf 90' lang='lat' dir='ltr'>con·</span> 
     </span>
    </p>
   </div>
   <div class='ocr_carea' id='block_1_5' title="bbox 30 3455 1401 3540">
    <p class='ocr_par' dir='ltr' id='par_1_5' title="bbox 30 3455 1401 3540">
     <span class='ocr_line' id='line_1_27' title="bbox 30 3455 1401 3540; baseline 0.001 -23"><span class='ocrx_word' id='word_1_254' title='bbox 30 3471 31 3476; x_wconf 73' lang='grc'>’</span> <span class='ocrx_word' id='word_1_255' title='bbox 123 3455 214 3521; x_wconf 87' lang='lat' dir='ltr'>lusius</span> <span class='ocrx_word' id='word_1_256' title='bbox 235 3461 392 3536; x_wconf 89' lang='lat' dir='ltr'>dicuntur,</span> <span class='ocrx_word' id='word_1_257' title='bbox 417 3471 535 3534; x_wconf 80' lang='lat' dir='ltr'>tamen,</span> <span class='ocrx_word' id='word_1_258' title='bbox 561 3464 586 3524; x_wconf 89' lang='lat' dir='ltr'>si</span> <span class='ocrx_word' id='word_1_259' title='bbox 610 3463 811 3525; x_wconf 88' lang='lat' dir='ltr'>librariorum</span> <span class='ocrx_word' id='word_1_260' title='bbox 836 3461 955 3524; x_wconf 90' lang='lat' dir='ltr'>menda</span> <span class='ocrx_word' id='word_1_261' title='bbox 977 3461 1037 3523; x_wconf 92' lang='lat' dir='ltr'>rite</span> <span class='ocrx_word' id='word_1_262' title='bbox 1066 3459 1278 3540; x_wconf 87' lang='lat' dir='ltr'>corriguntur,</span> <span class='ocrx_word' id='word_1_263' title='bbox 1304 3457 1401 3519; x_wconf 85' lang='lat' dir='ltr'>maxi·</span> 
     </span>
    </p>
   </div>
   <div class='ocr_carea' id='block_1_6' title="bbox 123 3558 1403 3661">
    <p class='ocr_par' dir='ltr' id='par_1_6' title="bbox 123 3558 1403 3661">
     <span class='ocr_line' id='line_1_28' title="bbox 123 3558 1403 3661; baseline 0.002 -34"><span class='ocrx_word' id='word_1_264' title='bbox 123 3585 202 3631; x_wconf 91' lang='lat' dir='ltr'>mam</span> <span class='ocrx_word' id='word_1_265' title='bbox 225 3580 349 3650; x_wconf 88' lang='lat' dir='ltr'>partem</span> <span class='ocrx_word' id='word_1_266' title='bbox 373 3592 448 3635; x_wconf 89' lang='lat' dir='ltr'>vera</span> <span class='ocrx_word' id='word_1_267' title='bbox 471 3583 554 3634; x_wconf 92' lang='lat' dir='ltr'>sunt.</span> <span class='ocrx_word' id='word_1_268' title='bbox 601 3572 711 3636; x_wconf 89' lang='lat' dir='ltr'>Verba</span> <span class='ocrx_word' id='word_1_269' title='bbox 725 3572 806 3634; x_wconf 87' lang='lat' dir='ltr'>haec</span> <span class='ocrx_word' id='word_1_270' title='bbox 828 3580 918 3637; x_wconf 79' lang='lat' dir='ltr'>sunt:</span> <span class='ocrx_word' id='word_1_271' title='bbox 945 3570 1084 3661; x_wconf 85' lang='grc' dir='ltr'><strong><em>Δίαυλος</em></strong></span> <span class='ocrx_word' id='word_1_272' title='bbox 1106 3562 1266 3652; x_wconf 79' lang='grc' dir='ltr'><strong><em>λέχεταιό</em></strong></span> <span class='ocrx_word' id='word_1_273' title='bbox 1289 3558 1403 3632; x_wconf 88' lang='grc' dir='ltr'><strong><em>διττόν</em></strong></span> 
     </span>
    </p>
   </div>
   <div class='ocr_carea' id='block_1_7' title="bbox 30 3671 1406 4207">
    <p class='ocr_par' dir='ltr' id='par_1_7' title="bbox 30 3671 1406 4207">
     <span class='ocr_line' id='line_1_29' title="bbox 30 3671 1405 3770; baseline -0.001 -27"><span class='ocrx_word' id='word_1_274' title='bbox 30 3733 31 3760; x_wconf 72' lang='grc'><strong><em>,</em></strong></span> <span class='ocrx_word' id='word_1_275' title='bbox 122 3671 199 3758; x_wconf 76' lang='grc' dir='ltr'><strong><em>ἔχων</em></strong></span> <span class='ocrx_word' id='word_1_276' title='bbox 218 3673 278 3744; x_wconf 87' lang='grc' dir='ltr'><strong><em>τὸν</em></strong></span> <span class='ocrx_word' id='word_1_277' title='bbox 301 3679 421 3764; x_wconf 85' lang='grc' dir='ltr'><strong><em>δρόμον</em></strong></span> <span class='ocrx_word' id='word_1_278' title='bbox 444 3679 480 3745; x_wconf 80' lang='grc' dir='ltr'>ἐν</span> <span class='ocrx_word' id='word_1_279' title='bbox 511 3683 553 3764; x_wconf 82' lang='grc' dir='ltr'><strong><em>τῇ</em></strong></span> <span class='ocrx_word' id='word_1_280' title='bbox 582 3683 706 3770; x_wconf 79' lang='grc' dir='ltr'><strong><em>πορείᾳ,</em></strong></span> <span class='ocrx_word' id='word_1_281' title='bbox 737 3673 777 3745; x_wconf 87' lang='grc' dir='ltr'><strong><em>τό</em></strong></span> <span class='ocrx_word' id='word_1_282' title='bbox 807 3684 978 3766; x_wconf 86' lang='grc' dir='ltr'><strong><em>πληρῶσαι</em></strong></span> <span class='ocrx_word' id='word_1_283' title='bbox 1007 3677 1047 3744; x_wconf 88' lang='grc' dir='ltr'><strong><em>τό</em></strong></span> <span class='ocrx_word' id='word_1_284' title='bbox 1076 3678 1211 3744; x_wconf 86' lang='grc' dir='ltr'><strong><em>στάδιον</em></strong></span> <span class='ocrx_word' id='word_1_285' title='bbox 1239 3678 1295 3743; x_wconf 83' lang='grc' dir='ltr'>καί</span> <span class='ocrx_word' id='word_1_286' title='bbox 1326 3672 1405 3742; x_wconf 73' lang='grc' dir='ltr'>ὑπο</span> 
     </span>
     <span class='ocr_line' id='line_1_30' title="bbox 30 3781 1405 3884; baseline 0.001 -34"><span class='ocrx_word' id='word_1_287' title='bbox 30 3811 31 3884; x_wconf 40' lang='lat'><em>3</em></span> <span class='ocrx_word' id='word_1_288' title='bbox 122 3787 257 3872; x_wconf 74' lang='grc' dir='ltr'><strong><em>στρέψαι.</em></strong></span> <span class='ocrx_word' id='word_1_289' title='bbox 282 3783 503 3875; x_wconf 78' lang='grc' dir='ltr'><strong><em>δολιχοδρόμοι</em></strong></span> <span class='ocrx_word' id='word_1_290' title='bbox 527 3791 562 3855; x_wconf 79' lang='grc' dir='ltr'>δὲ</span> <span class='ocrx_word' id='word_1_291' title='bbox 582 3789 613 3856; x_wconf 81' lang='grc' dir='ltr'>οἱ</span> <span class='ocrx_word' id='word_1_292' title='bbox 643 3787 728 3856; x_wconf 72' lang='grc' dir='ltr'><strong><em>ἑπτὰ</em></strong></span> <span class='ocrx_word' id='word_1_293' title='bbox 749 3791 927 3875; x_wconf 73' lang='grc' dir='ltr'><strong><em>τρεχοντες.</em></strong></span> <span class='ocrx_word' id='word_1_294' title='bbox 952 3787 1003 3854; x_wconf 87' lang='grc' dir='ltr'>διὸ</span> <span class='ocrx_word' id='word_1_295' title='bbox 1033 3790 1089 3855; x_wconf 85' lang='grc' dir='ltr'>καί</span> <span class='ocrx_word' id='word_1_296' title='bbox 1112 3781 1344 3872; x_wconf 85' lang='grc' dir='ltr'><strong><em>δολιχοδρόμοι.</em></strong></span> <span class='ocrx_word' id='word_1_297' title='bbox 1374 3784 1405 3852; x_wconf 82' lang='grc' dir='ltr'>οἱ</span> 
     </span>
     <span class='ocr_line' id='line_1_31' title="bbox 30 3890 1406 3990; baseline -0.002 -26"><span class='ocrx_word' id='word_1_298' title='bbox 30 3985 31 3990; x_wconf 12' lang='lat'>¹</span> <span class='ocrx_word' id='word_1_299' title='bbox 122 3894 176 3982; x_wconf 77' lang='grc' dir='ltr'><strong><em>γὰρ</em></strong></span> <span class='ocrx_word' id='word_1_300' title='bbox 196 3894 422 3984; x_wconf 89' lang='grc' dir='ltr'><strong><em>σταδιοδρόμοι</em></strong></span> <span class='ocrx_word' id='word_1_301' title='bbox 444 3896 595 3986; x_wconf 70' lang='grc' dir='ltr'><strong><em>[ἁπλοῦν</em></strong></span> <span class='ocrx_word' id='word_1_302' title='bbox 625 3893 852 3986; x_wconf 88' lang='grc' dir='ltr'><strong><em>διαυλοδρόμοι</em></strong></span> <span class='ocrx_word' id='word_1_303' title='bbox 883 3897 964 3985; x_wconf 66' lang='grc' dir='ltr'>δὲ]’)</span> <span class='ocrx_word' id='word_1_304' title='bbox 986 3899 1126 3965; x_wconf 87' lang='grc' dir='ltr'><strong><em>διπλοῦν</em></strong></span> <span class='ocrx_word' id='word_1_305' title='bbox 1147 3901 1323 3963; x_wconf 85' lang='grc' dir='ltr'><strong><em>ποιοῦνται</em></strong></span> <span class='ocrx_word' id='word_1_306' title='bbox 1344 3890 1406 3962; x_wconf 85' lang='grc' dir='ltr'><strong><em>τόν</em></strong></span> 
     </span>
     <span class='ocr_line' id='line_1_32' title="bbox 30 3999 1405 4108; baseline -0.002 -34"><span class='ocrx_word' id='word_1_307' title='bbox 30 4075 31 4108; x_wconf 27' lang='grc' dir='ltr'><strong><em>ρ</em></strong></span> <span class='ocrx_word' id='word_1_308' title='bbox 125 4001 244 4092; x_wconf 83' lang='grc' dir='ltr'><strong><em>δρόμον.</em></strong></span> <span class='ocrx_word' id='word_1_309' title='bbox 260 4002 388 4087; x_wconf 68' lang='grc' dir='ltr'><strong><em>Ἄλλως.</em></strong></span> <span class='ocrx_word' id='word_1_310' title='bbox 413 4006 556 4097; x_wconf 84' lang='grc' dir='ltr'><strong><em>ὁπλίτην</em></strong></span> <span class='ocrx_word' id='word_1_311' title='bbox 577 4006 706 4098; x_wconf 85' lang='grc' dir='ltr'><strong><em>δρόμον·</em></strong></span> <span class='ocrx_word' id='word_1_312' title='bbox 729 4001 805 4094; x_wconf 80' lang='grc' dir='ltr'><strong><em>μεθ’</em></strong></span> <span class='ocrx_word' id='word_1_313' title='bbox 828 4005 944 4076; x_wconf 86' lang='grc' dir='ltr'><strong><em>δ’πλιον</em></strong></span> <span class='ocrx_word' id='word_1_314' title='bbox 967 4008 1029 4096; x_wconf 80' lang='grc' dir='ltr'><strong><em>γὰρ</em></strong></span> <span class='ocrx_word' id='word_1_315' title='bbox 1051 4009 1260 4096; x_wconf 73' lang='grc' dir='ltr'><strong><em>ἠγωνίζοντο.</em></strong></span> <span class='ocrx_word' id='word_1_316' title='bbox 1274 3999 1405 4082; x_wconf 71' lang='grc' dir='ltr'><strong><em>Ἄλλως.</em></strong></span> 
     </span>
     <span class='ocr_line' id='line_1_33' title="bbox 30 4113 1405 4207; baseline -0.002 -23"><span class='ocrx_word' id='word_1_317' title='bbox 30 4119 31 4184; x_wconf 64' lang='lat' dir='ltr'>l</span> <span class='ocrx_word' id='word_1_318' title='bbox 119 4114 250 4198; x_wconf 83' lang='grc' dir='ltr'><strong><em>δίαυλος,</em></strong></span> <span class='ocrx_word' id='word_1_319' title='bbox 272 4113 292 4184; x_wconf 89' lang='grc' dir='ltr'><strong><em>ό</em></strong></span> <span class='ocrx_word' id='word_1_320' title='bbox 315 4119 479 4198; x_wconf 86' lang='grc' dir='ltr'><strong><em>διστάδιος</em></strong></span> <span class='ocrx_word' id='word_1_321' title='bbox 500 4115 602 4198; x_wconf 87' lang='grc' dir='ltr'><strong><em>τόπος</em></strong></span> <span class='ocrx_word' id='word_1_322' title='bbox 624 4113 646 4207; x_wconf 82' lang='grc' dir='ltr'><strong><em>ἢ</em></strong></span> <span class='ocrx_word' id='word_1_323' title='bbox 665 4122 785 4207; x_wconf 80' lang='grc' dir='ltr'><strong><em>μέτρον</em></strong></span> <span class='ocrx_word' id='word_1_324' title='bbox 807 4121 941 4205; x_wconf 81' lang='grc' dir='ltr'><strong><em>πήχεων</em></strong></span> <span class='ocrx_word' id='word_1_325' title='bbox 962 4114 991 4186; x_wconf 87' lang='lat' dir='ltr'>o&#39;</span> <span class='ocrx_word' id='word_1_326' title='bbox 1014 4122 1101 4206; x_wconf 83' lang='lat' dir='ltr'>(lege</span> <span class='ocrx_word' id='word_1_327' title='bbox 1122 4122 1256 4206; x_wconf 82' lang='grc' dir='ltr'><strong><em>πήχεων</em></strong></span> <span class='ocrx_word' id='word_1_328' title='bbox 1277 4116 1314 4182; x_wconf 87' lang='grc' dir='ltr'>ώ.</span> <span class='ocrx_word' id='word_1_329' title='bbox 1338 4119 1405 4183; x_wconf 88' lang='lat' dir='ltr'>lde-</span> 
     </span>
    </p>
   </div>
   <div class='ocr_carea' id='block_1_8' title="bbox 214 4341 1055 4786">
    <p class='ocr_par' dir='ltr' id='par_1_8' title="bbox 219 4341 736 4414">
     <span class='ocr_line' id='line_1_34' title="bbox 219 4341 736 4414; baseline 0.008 -20"><span class='ocrx_word' id='word_1_330' title='bbox 219 4341 237 4412; x_wconf 86' lang='lat'>¹)</span> <span class='ocrx_word' id='word_1_331' title='bbox 255 4343 305 4396; x_wconf 80' lang='lat' dir='ltr'>cfr.</span> <span class='ocrx_word' id='word_1_332' title='bbox 323 4345 416 4396; x_wconf 85' lang='lat' dir='ltr'>Preller</span> <span class='ocrx_word' id='word_1_333' title='bbox 434 4346 533 4412; x_wconf 85' lang='lat' dir='ltr'>Mythol</span> <span class='ocrx_word' id='word_1_334' title='bbox 561 4347 572 4396; x_wconf 95' lang='lat'>1</span> <span class='ocrx_word' id='word_1_335' title='bbox 595 4364 653 4414; x_wconf 81' lang='lat' dir='ltr'>pag.</span> <span class='ocrx_word' id='word_1_336' title='bbox 676 4359 736 4413; x_wconf 81' lang='lat'>245.</span> 
     </span>
    </p>

    <p class='ocr_par' dir='ltr' id='par_1_9' title="bbox 216 4433 809 4507">
     <span class='ocr_line' id='line_1_35' title="bbox 216 4433 809 4507; baseline 0.017 -23"><span class='ocrx_word' id='word_1_337' title='bbox 216 4433 237 4503; x_wconf 84' lang='lat'>²)</span> <span class='ocrx_word' id='word_1_338' title='bbox 256 4435 309 4486; x_wconf 82' lang='lat' dir='ltr'>cn.</span> <span class='ocrx_word' id='word_1_339' title='bbox 328 4437 419 4487; x_wconf 84' lang='lat' dir='ltr'>Preller</span> <span class='ocrx_word' id='word_1_340' title='bbox 438 4439 545 4504; x_wconf 74' lang='lat' dir='ltr'>mythol,</span> <span class='ocrx_word' id='word_1_341' title='bbox 564 4439 576 4488; x_wconf 95' lang='lat'>1</span> <span class='ocrx_word' id='word_1_342' title='bbox 596 4457 654 4507; x_wconf 78' lang='lat' dir='ltr'>pag.</span> <span class='ocrx_word' id='word_1_343' title='bbox 677 4443 809 4507; x_wconf 81' lang='lat'><strong>576—77.</strong></span> 
     </span>
    </p>

    <p class='ocr_par' dir='ltr' id='par_1_10' title="bbox 216 4525 706 4600">
     <span class='ocr_line' id='line_1_36' title="bbox 216 4525 706 4600; baseline 0.018 -24"><span class='ocrx_word' id='word_1_344' title='bbox 216 4525 236 4597; x_wconf 81' lang='lat'>⁸)</span> <span class='ocrx_word' id='word_1_345' title='bbox 256 4528 306 4579; x_wconf 81' lang='lat' dir='ltr'>Cir.</span> <span class='ocrx_word' id='word_1_346' title='bbox 326 4529 419 4581; x_wconf 84' lang='lat' dir='ltr'>Preller</span> <span class='ocrx_word' id='word_1_347' title='bbox 437 4531 544 4596; x_wconf 82' lang='lat' dir='ltr'>Mythol.</span> <span class='ocrx_word' id='word_1_348' title='bbox 564 4549 624 4600; x_wconf 81' lang='lat' dir='ltr'>pag.</span> <span class='ocrx_word' id='word_1_349' title='bbox 646 4545 706 4597; x_wconf 85' lang='lat'>347.</span> 
     </span>
    </p>

    <p class='ocr_par' dir='ltr' id='par_1_11' title="bbox 214 4619 909 4694">
     <span class='ocr_line' id='line_1_37' title="bbox 214 4619 909 4694; baseline 0.013 -24"><span class='ocrx_word' id='word_1_350' title='bbox 214 4619 235 4688; x_wconf 81' lang='lat'>⁴)</span> <span class='ocrx_word' id='word_1_351' title='bbox 255 4619 305 4672; x_wconf 80' lang='lat' dir='ltr'>Cir.</span> <span class='ocrx_word' id='word_1_352' title='bbox 327 4621 465 4675; x_wconf 83' lang='lat' dir='ltr'>Hermann.</span> <span class='ocrx_word' id='word_1_353' title='bbox 483 4625 587 4691; x_wconf 83' lang='lat' dir='ltr'>Antiqu.</span> <span class='ocrx_word' id='word_1_354' title='bbox 606 4627 697 4679; x_wconf 75' lang='lat' dir='ltr'>Graec.</span> <span class='ocrx_word' id='word_1_355' title='bbox 717 4628 742 4678; x_wconf 93' lang='lat'>11</span> <span class='ocrx_word' id='word_1_356' title='bbox 761 4625 778 4694; x_wconf 82' lang='lat'><strong>§</strong></span> <span class='ocrx_word' id='word_1_357' title='bbox 798 4640 842 4692; x_wconf 82' lang='grc'>54,</span> <span class='ocrx_word' id='word_1_358' title='bbox 864 4638 909 4690; x_wconf 85' lang='lat'>27.</span> 
     </span>
    </p>

    <p class='ocr_par' dir='ltr' id='par_1_12' title="bbox 215 4710 1055 4786">
     <span class='ocr_line' id='line_1_38' title="bbox 215 4710 1055 4786; baseline 0.011 -23"><span class='ocrx_word' id='word_1_359' title='bbox 215 4710 236 4780; x_wconf 78' lang='lat'>⁰)</span> <span class='ocrx_word' id='word_1_360' title='bbox 253 4713 298 4776; x_wconf 81' lang='lat' dir='ltr'>Ea,</span> <span class='ocrx_word' id='word_1_361' title='bbox 318 4731 383 4780; x_wconf 79' lang='lat' dir='ltr'>quae</span> <span class='ocrx_word' id='word_1_362' title='bbox 401 4718 470 4768; x_wconf 79' lang='lat' dir='ltr'>uncis</span> <span class='ocrx_word' id='word_1_363' title='bbox 489 4717 589 4770; x_wconf 82' lang='lat' dir='ltr'>inclusa</span> <span class='ocrx_word' id='word_1_364' title='bbox 607 4721 701 4786; x_wconf 79' lang='lat' dir='ltr'>scripsi,</span> <span class='ocrx_word' id='word_1_365' title='bbox 722 4720 839 4770; x_wconf 80' lang='lat' dir='ltr'>addenda</span> <span class='ocrx_word' id='word_1_366' title='bbox 859 4737 913 4772; x_wconf 84' lang='lat' dir='ltr'>esse</span> <span class='ocrx_word' id='word_1_367' title='bbox 932 4722 1055 4773; x_wconf 74' lang='lat' dir='ltr'>existimo.</span> 
     </span>
    </p>
   </div>
   <div class='ocr_carea' id='block_1_9' title="bbox 0 0 1748 5436">
    <p class='ocr_par' dir='ltr' id='par_1_13' title="bbox 0 0 1748 5436">
     <span class='ocr_line' id='line_1_39' title="bbox 0 0 1748 5436; baseline 0 2"><span class='ocrx_word' id='word_1_368' title='bbox 0 0 1748 5436; x_wconf 95' lang='lat' dir='ltr'> </span> 
     </span>
    </p>
   </div>
  </div>
 </body>
</html>
