3486 5436
891 515 931 596 65

376 731 662 799 Archilochus.
710 733 762 796 Ex
785 733 925 814 epinicio
948 732 1067 815 aliqu0,
1099 732 1189 813 quod
1218 731 1250 793 in
1274 731 1448 796 Herculem
1474 700 1563 794 com·

270 845 417 926 posuisse
441 843 564 917 dicitur,
588 844 684 927 pauci
707 863 817 906 versus
839 844 1013 906 afferuntur
1036 844 1067 905 in
1083 841 1183 904 schol.
1210 863 1241 909 v.
1263 844 1354 923 1764.
1404 844 1562 906 Eiusdem

271 953 398 1016 fabulae
425 954 515 1028 illius,
547 975 630 1035 quae
659 964 726 1017 erat
755 955 796 1016 de
832 953 928 1035 vulpe
950 963 982 1016 et
1004 953 1119 1034 aquila,
1144 952 1267 1018 mentio
1291 952 1327 1016 fit
1351 955 1382 1016 in
1406 953 1505 1016 schol.
1531 973 1562 1015 v.

208 1111 211 1121 .
270 1065 344 1142 651.
369 1063 439 1147 [Clr.
466 1064 570 1131 Koclc.
596 1064 638 1126 ad
660 1063 690 1130 h.
715 1085 744 1126 ν.
769 1065 890 1146 annot]

376 1176 555 1241 Alcman.
579 1174 745 1237 Laudatur
775 1175 806 1236 in
836 1174 935 1236 schol.
966 1194 995 1242 ν,
1026 1186 1098 1252 250.
1148 1172 1275 1236 Deinde
1307 1193 1437 1235 versum
1465 1171 1567 1250 »βάλε

271 1283 310 1368 δὴ
335 1283 415 1363 βάλε
444 1277 587 1370 κηρύλος
612 1283 714 1368 alum,
743 1303 839 1366 quem
869 1284 900 1345 in
930 1283 1030 1344 schol.
1060 1303 1090 1348 ν.
1128 1299 1193 1362 299
1220 1282 1427 1364 Euphronius
1460 1283 1567 1355 affert,

271 1393 436 1484 Alcmanis
470 1415 540 1456 esse
572 1413 772 1476 cognoscere
805 1412 976 1475 possumus
1011 1411 1055 1454 ex
1088 1393 1258 1473 Antigono
1290 1391 1440 1472 Carystio
1472 1392 1569 1472 [Hist.

271 1505 384 1566 mirab.
412 1506 462 1588 275
487 1504 560 1586 [cfr.
584 1505 680 1566 Dind.
706 1503 747 1564 ad
770 1505 800 1569 h.
824 1502 922 1565 schol.
949 1504 1070 1584 annot]

377 1615 567 1681 Alcaeus.
591 1614 700 1680 Schol.
724 1635 754 1678 ν.
784 1629 883 1695 1410;
906 1611 1005 1675 schol.
1031 1634 1059 1674 ν.
1088 1614 1182 1688 1648.

378 1724 660 1788 Stesichorus
688 1723 795 1788 Schol.
818 1744 846 1784 ν.
878 1737 969 1799 1302.

376 1835 540 1915 Ibycus.
562 1834 669 1896 Schol.
694 1854 724 1895 v.
753 1848 850 1914 1302;
876 1831 975 1898 schol.
1000 1853 1029 1894 ν.
1059 1849 1128 1912 192.

374 1944 604 2007 Anacreon.
629 1943 820 2025 Complures
842 1963 954 2004 versus
976 1942 1151 2005 afferuntur
1171 1944 1202 2005 in
1226 1943 1324 2009 schol.
1351 1964 1381 2005 v.
1411 1959 1506 2024 1372.

377 2054 631 2117 Simonides¹
656 2053 764 2117 Schol.
789 2073 818 2120 ν,
847 2053 1066 2137 1410;301101.
1092 2075 1121 2119 ν.
1151 2069 1242 2132 1301.

376 2165 583 2242 Pindarus.
606 2164 697 2245 Pyth.
721 2164 744 2235 1,
773 2181 805 2226 11
833 2166 864 2224 in
887 2164 985 2227 schol.
1010 2185 1039 2227 v.
1069 2176 1128 2243 515
1154 2165 1246 2226 Nem.
1273 2165 1294 2238 1,
1319 2180 1329 2225 1
1357 2165 1389 2226 in
1411 2164 1512 2226 schol.
1542 2185 1575 2228 ν.

277 2287 366 2338 1121.
391 2273 418 2333 Ε
443 2273 638 2334 carminibus
668 2274 761 2335 nobis
787 2275 907 2355 ignotis
936 2275 1030 2356 pauci
1062 2294 1172 2336 versus
1200 2274 1373 2335 afferuntur
1403 2274 1433 2335 in
1464 2274 1574 2336 schol.

270 2401 301 2447 ν.
324 2381 389 2460 926
413 2391 445 2442 et
468 2381 500 2442 in
522 2379 621 2443 schol.
648 2402 676 2444 ν.
700 2400 775 2462 941.

378 2491 663 2571 Bacchylides.
690 2493 795 2556 Schol.
821 2516 851 2556 ν.
881 2495 972 2573 1536.

377 2601 641 2664 Theocritus.
668 2602 774 2667 Schol.
800 2625 830 2670 ν.
856 2619 906 2683 71.

377 2711 657 2774 Callimachus
681 2711 785 2776 Schol.
811 2734 842 2779 ν.
868 2716 947 2792 598;
972 2713 1071 2781 schol.
1095 2734 1125 2779 ν.
1151 2717 1232 2792 832;
1256 2713 1354 2776 schol.
1380 2735 1410 2776 ν.
1437 2714 1515 2779 261.

378 2821 731 2902 Traegoediarum
752 2825 926 2906 scriptores
950 2825 980 2886 in
1004 2823 1132 2886 scholiis
1155 2824 1187 2886 hi
1210 2833 1394 2888 occurrunt:
1527 2861 1535 2884 .

380 2932 622 3013 Aeschylus.
652 2927 783 2998 Ἠδωνοὶ
814 2933 923 3016 [schol.
954 2954 983 3000 ν.
1010 2935 1099 3016 2765;
1135 2926 1239 3018 Νιόβη
1263 2935 1370 3017 [schol.
1395 2937 1579 3018 ν.12475;

274 3034 480 3125 Μυρμιδόνες
511 3041 618 3125 [schol.
643 3064 672 3106 ν.
699 3043 911 3136 7997501101.
943 3064 971 3104 ν.
999 3046 1080 3122 807;
1103 3045 1204 3106 schol.
1234 3066 1264 3110 ν.
1297 3047 1378 3127 808;
1407 3043 1507 3106 schol.
1543 3066 1575 3108 ν.

149 3187 152 3194 »
280 3152 379 3229 1256;
402 3152 502 3218 schol.
524 3172 554 3214 ν.
584 3154 683 3235 14205.
733 3153 881 3234 Denique
904 3153 1094 3216 adversum
1117 3155 1259 3217 incertae
1281 3154 1577 3236 labulacAeschy-

275 3261 342 3324 leae
366 3261 556 3324 scholiastes
579 3283 638 3324 nos
661 3273 791 3326 revocat
813 3263 844 3324 in
867 3261 963 3324 schol.
992 3285 1021 3336 v,
1051 3263 1142 3330 1680.

381 3370 625 3453 Sophocles.
655 3372 776 3456 θηρεδς
800 3372 899 3455 [schol
923 3393 951 3434 ν.
983 3389 1059 3447 100;
1086 3374 1185 3438 schol.
1212 3395 1241 3436 v.
1267 3377 1351 3458 2815.
1385 3371 1477 3457 ’Πιρὼ
1502 3373 1579 3438 δευ-

276 3479 354 3565 τέρα
385 3481 493 3564 [schol.
519 3503 547 3542 ν.
576 3484 658 3564 2755.
698 3482 905 3568 Φιλοκτήτης
938 3482 1045 3564 [schol.
1071 3504 1099 3545 v.
1128 3487 1211 3567 275].
1244 3484 1375 3570 Πηλεύς
1406 3483 1514 3565 [schol.
1544 3505 1578 3546 ν.

278 3594 357 3670 851;
394 3592 493 3654 schol.
519 3611 547 3652 V.
576 3595 660 3676 8575.
690 3591 773 3669 Αἴας
798 3584 922 3675 Λοκρός
952 3592 1059 3672 [schol.
1085 3614 1114 3659 ν.
1139 3598 1224 3678 9335.
1255 3585 1374 3676 Ἴναχος
1405 3593 1515 3676 [schol.
1545 3615 1577 3656 ν.

281 3702 382 3782 12035.
414 3693 573 3783 Οἰνόμαος
598 3702 706 3784 [schol.
731 3724 759 3765 ν.
784 3703 892 3787 13375.
939 3704 991 3766 Ex
1015 3705 1143 3768 incertis
1166 3703 1281 3769 sabulis
1305 3724 1416 3766 versus
1438 3703 1580 3766 afferun-

276 3811 382 3874 turin
407 3810 505 3877 schol.
531 3833 559 3874 v.
590 3829 673 3891 1240
697 3823 729 3874 et
752 3814 783 3874 in
806 3812 907 3880 schol.
932 3836 961 3882 ν.
990 3830 1004 3894 5
1035 3828 1061 3894 5.

384 3921 614 4004 Euripides.
630 3911 819 4006 Ἀνδρομέδα
844 3925 952 4008 [schol.
970 3947 999 3987 ν.
1019 3927 1102 4009 3485.
1127 3927 1294 3989 Φοίνισσαι
1315 3923 1421 4004 [schol.
1440 3943 1469 3988 v.
1491 3926 1580 4002 3483

278 4030 377 4096 schol.
402 4052 432 4092 v.
457 4047 524 4110 424
552 4053 580 4094 ν.
618 4035 697 4116 5885.
725 4034 924 4120 Παλαμήδης
953 4035 1060 4116 [schol.
1094 4056 1123 4098 ν.
1161 4035 1238 4119 842]
1263 4033 1439 4116 Λικύμνιος
1463 4032 1586 4115 [schol.

278 4162 306 4203 ν.
339 4145 439 4226 12425.
469 4135 618 4226 Τρῳάδες
643 4143 750 4227 [schol.
776 4166 804 4209 ν.
834 4146 936 4228 17205.
962 4142 1081 4228 Αἰγεύς
1105 4144 1213 4229 [schol.
1239 4164 1267 4206 ν.
1287 4145 1372 4226 4945.
1397 4143 1584 4225 Πειρίθους

282 4249 389 4332 [schol.
414 4272 443 4313 ν.
474 4255 552 4335 1795.

385 4361 602 4429 Philocles.
644 4365 721 4425 Eius
753 4363 953 4444 tetralogiae,
993 4383 1076 4445 quae
1114 4363 1348 4426 inscribebatur
1385 4359 1584 4440 Πανδιονὶς,

281 4475 402 4556 primus
427 4497 538 4540 versus
563 4478 692 4541 affertur
715 4480 746 4540 in
770 4479 868 4542 schol.
895 4502 925 4548 ν.
952 4483 1025 4546 281.

387 4587 583 4650 Achaeus
606 4589 806 4657 Eretrius.
841 4590 1050 4675 Φιλοκτήτης
1079 4585 1190 4670 [schol.
1222 4611 1251 4651 ν.
1279 4590 1351 4666 364.
1387 4583 1450 4648 Clr.
1487 4585 1586 4652 Suid.

280 4717 303 4756 s.
333 4715 360 4757 ν.
387 4693 554 4782 tralatam.
