3486 5436
766 495 809 561 60

140 736 344 798 quamquam
367 705 609 778 scholiastartim
626 733 715 775 more
732 713 876 795 praecise
893 713 1049 786 dicuntur,
1075 721 1183 775 tamen
1200 716 1433 788 demonstrant,

139 828 219 910 quid
233 827 369 890 voluerit
383 826 580 890 scholiastes.
628 824 657 887 Is
674 843 778 907 aeque
794 844 831 885 ac
847 823 1028 886 Boeckhius
1045 842 1145 884 unum
1158 833 1283 887 tanturn
1296 826 1431 889 obolum

140 937 363 1020 Strepsiadem
398 937 561 1018 accepisse
584 935 758 1006 existimat,
795 954 893 1014 quare
928 955 1001 996 cum
1032 944 1088 995 aut
1119 935 1212 996 binos
1236 946 1291 998 aut
1314 946 1434 1011 ternos

140 1067 321 1127 numquam
344 1046 490 1126 singulos
520 1045 637 1109 obolos
659 1043 780 1106 iudices
804 1045 967 1126 accepisse
991 1064 1055 1105 non
1080 1046 1214 1125 ignoret,
1246 1048 1380 1109 offendit
1404 1049 1435 1109 in

138 1177 221 1220 voce
244 1150 444 1241 ἡλιαστικόν,
471 1166 602 1218 etcum
632 1150 902 1238 ἐκκλησιαστικόν
932 1155 1024 1217 unius
1053 1155 1141 1217 oboli
1172 1157 1248 1217 olim
1273 1157 1434 1219 exstitisse

138 1269 221 1330 sciat
246 1267 319 1348 [cfr.
344 1244 516 1329 Ecclesiaz.
542 1285 571 1326 v.
599 1268 684 1348 3021,
709 1257 980 1349 ἐκκλησιαστικόν
1003 1268 1112 1346 potius
1137 1272 1271 1347 po'etam
1294 1267 1434 1328 scribere

138 1378 292 1442 debuisse
314 1377 474 1457 opinatur.
521 1377 634 1459 Itaque
665 1375 758 1442 dicit:
788 1363 995 1440 ‘Hicaoctxdv
1018 1371 1095 1440 ἀντὶ
1122 1383 1181 1440 τοῦ
1212 1373 1433 1459 ἐκκλησιαστι-

137 1481 210 1552 redu.
256 1487 385 1552 Deinde
408 1496 528 1560 autem,
553 1486 643 1569 quod
666 1484 729 1546 hoc
753 1487 852 1548 modo
882 1487 1033 1568 opinatus
1057 1495 1115 1558 est,
1141 1486 1226 1548 idem
1253 1486 1431 1558 addubitat,

137 1617 202 1681 qua
226 1617 261 1658 re
283 1597 377 1659 dicit:
408 1592 474 1678 Οὐχ
498 1593 612 1660 ἵστατο
635 1594 668 1659 δὲ
693 1589 711 1658 ὁ
735 1594 900 1661 δικαστῶν
921 1588 1050 1679 μισθός.
1074 1597 1093 1657 i.
1111 1617 1139 1662 e.
1168 1606 1332 1659 »ceterum
1356 1597 1433 1659 iudi-

136 1729 211 1770 cum
237 1727 361 1770 merces
383 1708 511 1786 saepius
534 1715 659 1768 mutata
691 1715 748 1778 est,
780 1707 890 1790 itaque
913 1705 980 1768 fieri
1011 1727 1146 1790 quoque
1178 1716 1296 1786 potest,
1322 1717 1358 1769 ut
1380 1707 1432 1770 ali·

136 1818 269 1901 quando
304 1818 446 1897 singulos
480 1815 596 1879 obolos
631 1816 753 1878 iudices
790 1817 980 1896 acceperint,
1013 1818 1070 1877 sed
1106 1836 1172 1879 non
1206 1819 1307 1884 scio«.
1362 1819 1434 1880 Hac

136 1930 263 1991 ratione
298 1927 374 1989 mihi
409 1927 541 2011 quidem
575 1927 656 1989 haec
692 1927 887 1991 scholiastae
920 1926 1021 1988 verba
1054 1926 1205 1988 videntur
1240 1927 1433 2007 explicanda

135 2059 218 2104 esse.
235 2037 256 2121 ¹)
302 2039 413 2120 Itaque
445 2038 534 2121 quod
564 2048 631 2099 tam
663 2047 754 2100 certo
785 2039 866 2099 scire
896 2036 1088 2099 scholiastae
1116 2037 1178 2098 sibi
1208 2037 1365 2111 videntur,
1398 2048 1433 2100 ut

136 2169 178 2210 ne
200 2149 264 2212 hoc
288 2147 418 2231 quidem
442 2167 536 2208 versu
558 2146 599 2207 de
623 2149 784 2210 sententia
812 2148 1054 2219 demoveantur,
1091 2146 1123 2206 id
1154 2165 1219 2208 non
1242 2147 1347 2220 video,
1378 2169 1433 2210 cur

139 2280 204 2321 non
227 2280 271 2321 ex
293 2258 418 2340 optimo
442 2257 531 2320 sonte
556 2277 612 2318 eos
635 2259 789 2336 petivisse
821 2256 1001 2319 credamus.
1048 2255 1164 2340 Neque
1197 2258 1310 2319 dubito
1339 2259 1427 2341 quin,

137 2371 193 2452 qui
229 2368 384 2432 Cleonem
419 2369 602 2430 mercedem
637 2368 734 2429 trium
770 2369 941 2430 obolorum
977 2365 1151 2428 instituisse
1186 2388 1243 2430 eos
1275 2369 1430 2442 docuerit,

139 2481 224 2541 idem
247 2481 390 2561 priorum
414 2498 547 2561 quoque
570 2478 743 2540 obolorum
767 2498 936 2541 numerum
960 2478 998 2539 iis
1021 2476 1200 2542 tradiderit.
1248 2476 1341 2557 Quae
1357 2498 1430 2539 curn
1467 2451 1471 2460 '

136 2591 180 2652 ita
202 2591 275 2662 sint,
301 2609 398 2651 unum
422 2597 553 2650 tantum
569 2588 724 2650 Boeckhii
749 2596 978 2668 argumentum
1000 2586 1197 2670 relinquitur.
1246 2587 1428 2667 Argumen-

137 2709 223 2762 tatur
245 2701 331 2762 enirn
355 2699 421 2762 lere
443 2701 505 2760 hoc
530 2698 556 2779 [l.
582 2698 600 2758 l.
626 2717 703 2779 pag.
728 2701 820 2782 328]:
847 2697 928 2760 Cum
952 2717 1076 2760 merces
1099 2698 1314 2760 ecclesiastica
1337 2698 1428 2760 initio

137 2832 179 2874 ex
211 2830 277 2871 uno
309 2809 407 2872 obolo
442 2809 620 2873 constiterit
653 2820 686 2871 et
715 2830 838 2872 merces
872 2808 1088 2871 ecclesiastica
1118 2810 1158 2870 ad
1191 2807 1429 2870 similitudinem

136 2922 295 2982 mercedis
330 2919 485 2983 iudicialis
521 2919 665 2981 instituta
698 2922 747 2992 sit,
781 2921 935 3004 sequitur,
972 2929 1008 2980 ut
1038 2918 1160 2980 iudices
1184 2937 1316 3001 quoque
1339 2918 1429 2979 initio

135 3031 283 3111 singulos
321 3030 437 3093 obolos
475 3030 667 3109 acceperint.
739 3031 790 3094 Ac
828 3051 906 3093 sane
940 3031 1003 3094 hoc
1042 3037 1270 3108 argumentum
1309 3027 1430 3108 aliquid

137 3141 309 3204 valiturum
332 3161 403 3202 esse
427 3140 581 3212 concedo,
607 3141 633 3200 si
658 3140 735 3202 nihil
758 3143 912 3204 obstaret.
959 3139 1026 3202 Sed
1049 3159 1124 3200 cum
1140 3148 1207 3200 tam
1231 3136 1431 3200 confidenter

135 3251 224 3313 aliud
249 3250 440 3313 scholiastae
465 3251 673 3322 contendant,
706 3271 763 3312 cur
793 3271 858 3312 non
888 3250 1059 3312 credamus
1089 3250 1273 3311 mercedem
1305 3248 1429 3310 ecclesi-

132 3361 282 3432 asticam,
307 3360 429 3443 quippe
462 3381 547 3443 quae
582 3361 683 3422 multo
719 3360 832 3423 maiori
867 3360 984 3422 civium
1020 3379 1156 3422 numero
1190 3359 1298 3421 danda
1329 3367 1424 3430 esset,

134 3471 228 3534 initio
244 3469 461 3532 Athenienses
483 3469 592 3552 paullo
615 3471 775 3532 minorem
797 3469 990 3532 instituisse?
1012 3471 1126 3551 ltaque
1142 3469 1231 3530 initio
1256 3468 1427 3540 eduobuS,

132 3593 208 3644 tum
230 3578 359 3642 Cleonis
382 3581 584 3663 temporibus
608 3601 626 3642 e
650 3581 752 3642 tribus
785 3581 890 3644 obolis
919 3581 1062 3642 iudicum
1096 3580 1280 3642 mercedem
1312 3579 1428 3640 consti-

132 3693 215 3754 tisse
238 3689 417 3752 scholiastis
446 3691 523 3752 mihi
548 3690 680 3774 quidem
705 3691 832 3752 videtur
855 3692 1101 3753 concedendum
1133 3711 1216 3752 esse.
1261 3689 1328 3752 Sed
1351 3709 1429 3751 num

134 3809 254 3883 postea
288 3798 306 3865 i.
343 3819 368 3861 e.
405 3801 570 3863 Ranarum
605 3799 671 3862 sere
705 3811 856 3885 tempore
893 3802 1045 3883 pristinus
1083 3802 1219 3862 duorum
1258 3799 1430 3861 obolorum

248 4055 264 4126 ¹)
284 4057 343 4108 Non
360 4058 482 4120 intelligo,
502 4057 630 4121 quomodo
648 4058 680 4106 de
700 4058 739 4106 his
757 4058 838 4108 verbis
856 4057 998 4106 Boeckhius
1018 4056 1046 4123 [1.
1060 4057 1076 4105 l.
1097 4071 1155 4122 pag.
1177 4067 1230 4118 323
1247 4053 1279 4120 c.]
1300 4054 1349 4105 hoe
1368 4055 1431 4104 iudi·

133 4168 194 4202 care
213 4153 331 4216 potuerit:
354 4151 422 4200 »Der
439 4151 566 4210 Erkliirer‚
585 4167 634 4200 von
653 4150 773 4198 welchem
797 4150 838 4197 die
857 4151 1020 4214 Anrnerlrung
1045 4165 1074 4198 zu
1094 4149 1204 4198 Wolkeu
1229 4147 1277 4197 861
1305 4149 1426 4208 herrilhrt,

134 4244 209 4294 hlllt
234 4260 331 4308 sogor
356 4244 415 4294 den
440 4239 566 4308 ὀβολός
590 4237 806 4306 discurratis
832 4243 871 4292 tur
894 4242 943 4291 den
967 4242 1207 4303 Ecclesiastensold3
1233 4242 1327 4290 welche
1352 4242 1428 4290 Stelle

135 4353 197 4387 mnu
216 4337 286 4386 nicht
309 4341 450 4388 verbessem
469 4354 551 4396 muss,
576 4353 648 4386 wenn
667 4351 726 4385 man
752 4337 821 4385 nicht
838 4335 883 4385 des
901 4334 1059 4384 Scholiasten
1078 4335 1260 4384 Unwissenheit
1283 4334 1427 4382 verstecken

133 4429 196 4480 will.
235 4429 351 4480 Ceterum
371 4446 421 4479 non
439 4431 528 4495 ignoro
546 4429 686 4480 mercedem
713 4429 853 4478 iudicialem
873 4444 929 4477 cum
949 4429 1064 4477 mercede
1082 4427 1248 4477 ecclesiastica
1266 4441 1351 4474 revera
1369 4441 1426 4476 con·

136 4524 221 4574 lusam
241 4537 294 4572 esse
313 4524 337 4572 in
356 4523 443 4573 scholl.
464 4524 532 4572 Plut.
551 4540 574 4572 v.
598 4537 642 4587 171
659 4531 683 4571 et
701 4540 724 4572 v.
739 4535 797 4585 33⁰·
836 4523 885 4571 Sed
905 4523 948 4587 qui
967 4523 1015 4570 hoe
1034 4522 1100 4570 dicat
1118 4521 1143 4568 in
1155 4518 1232 4568 schol.
1246 4518 1311 4569 Plut.
1327 4535 1349 4568 v.
1365 4530 1425 4580 330,

135 4631 195 4666 eum
215 4615 375 4664 recentissimi
393 4616 446 4665 aevi
464 4615 615 4669 Graeculum
635 4632 690 4667 esse
708 4625 792 4683 operte
811 4597 982 4666 demonstrant
1002 4617 1088 4666 verba:
1112 4613 1168 4664 Καὶ
1186 4609 1318 4684 'Populea
1341 4611 1426 4664 ω’στικ

137 4704 186 4766 uis
206 4703 295 4776 θύρας
315 4713 391 4776 qrcm‘.
