3486 5436
875 487 1085 572 „itm

336 683 546 768 γεγραμμένοι
559 737 566 752 .
581 737 588 750 ,
687 679 768 769 ἦσαν
789 685 833 763 δὲ,
864 681 909 760 ὥς
937 703 1017 770 (pilot
1039 683 1197 766 Πολέμων
1222 683 1260 748 ἐν
1289 697 1357 759 τοῖς
1387 709 1474 766 προς
1500 676 1612 764 Fano

336 795 468 879 οβένην,
484 793 508 880 ¹)
540 795 740 880 τετράγωνοι
769 795 809 860 τι)
839 805 953 879 σχῆμα.
984 794 1194 877 διασώζονται
1223 795 1258 858 di
1289 794 1326 857 εἰ·
1356 800 1407 878 τῷ
1435 797 1613 876 πρυτανείῳ

336 905 543 990 γεγραμμένοι
566 903 651 970 κατὰ
674 905 785 970 πάντα
808 905 850 970 τύ
873 905 961 989 μέρη.
986 915 1115 970 ποιοῦσι
1137 896 1269 970 diriore
1301 907 1490 984 ααιτασίτο·
1509 907 1611 988 τρίγιο

336 1039 403 1094 νον,
428 1011 508 1081 ὅταν
528 1015 583 1081 ἐπὶ
604 1017 644 1080 τὸ
666 1015 783 1081 στενὸν
803 1020 944 1080 althaim
967 1025 1028 1099 τῆς
1051 1017 1179 1099 γωνίας.
1227 1015 1279 1078 De
1300 1017 1418 1096 quibus
1442 1015 1612 1077 Polemonis

335 1127 441 1190 verbis
470 1127 588 1190 Preller
624 1127 714 1212 [pag.
745 1127 801 1211 88]
832 1137 919 1188 recte
950 1127 1013 1188 hoc
1045 1127 1184 1192 iudicat:
1218 1126 1330 1188 »Haec
1358 1127 1444 1188 adeo
1474 1127 1612 1188 modeste

336 1237 458 1300 monita
491 1245 575 1310 sunt,
606 1246 642 1299 ut
671 1237 829 1317 optimam
856 1237 898 1298 de
928 1237 1190 1298 contentionibus
1220 1237 1319 1297 nostn'
1351 1237 1611 1298 existimationem

334 1345 454 1410 habere
488 1347 665 1410 conveniat.
712 1346 864 1410 Ceterum
898 1347 1067 1408 Polemoni
1104 1346 1200 1408 etiam
1235 1347 1267 1408 in
1299 1347 1360 1408 hac
1393 1367 1428 1407 re
1464 1346 1611 1427 optimam

334 1455 430 1520 fidem
464 1456 540 1520 lacit
574 1477 674 1541 quum
706 1458 854 1519 universa
888 1458 956 1518 eius
990 1457 1174 1536 disputandi
1204 1458 1295 1528 ratio,
1331 1467 1402 1518 tum
1435 1457 1523 1537 quod
1551 1457 1613 1534 ipse

333 1567 534 1630 monimenta
558 1567 626 1650 ipsa
649 1567 774 1631 viderat
797 1569 828 1629 in
851 1575 1011 1650 prytaneo
1035 1567 1225 1630 Atheniensi
1249 1577 1282 1629 et
1304 1567 1394 1646 leges
1424 1568 1520 1628 etiam
1545 1565 1611 1626 inde

333 1677 510 1757 descriptas
532 1679 650 1760 passim
674 1678 891 1740 laudaverat«.
940 1677 1006 1746 Sed
1028 1699 1094 1759 qua
1116 1680 1248 1740 tandem
1271 1698 1305 1738 re
1326 1677 1445 1738 Preller
1466 1677 1547 1758 [pag.
1564 1677 1609 1758 90}

331 1787 511 1860 adducitur,
537 1797 574 1849 ut
596 1787 696 1853 dicat:
725 1788 946 1850 ›Differebant
975 1798 1084 1852 autem
1113 1790 1241 1869 utrique
1263 1792 1352 1864 (nam
1381 1787 1488 1868 plures
1510 1781 1611 1868 ἄξονες

333 1907 439 1971 erant,
480 1897 588 1978 plures
625 1897 768 1981 κύρβεις)
805 1899 952 1980 partim
989 1898 1148 1980 ligura,
1188 1899 1236 1960 de
1274 1917 1352 1977 qua
1389 1919 1460 1960 nos
1498 1897 1610 1958 docet

331 2007 516 2081 Polemo,
549 2009 665 2087 partim
689 2007 920 2089 argumentor«
948 2009 998 2071 De
1022 2005 1134 2091 ἄξοσιν
1160 2017 1285 2070 tantum
1317 2007 1459 2088 loquitur
1485 2005 1609 2068 Polemo

331 2118 419 2197 apud
444 2117 746 2200 Harpocrationem,
772 2117 902 2200 κύρβεις
926 2139 968 2180 ne
991 2139 1056 2180 uno
1080 2119 1213 2199 quidem
1236 2117 1337 2180 verbo
1360 2117 1498 2197 attingit.
1546 2113 1609 2194 Qua

333 2227 373 2289 de
395 2247 490 2289 causa
514 2247 586 2290 mea
610 2229 742 2311 quidem
765 2229 933 2302 sententia,
960 2237 1066 2290 utrum
1091 2224 1209 2311 ἄξονας
1232 2249 1252 2290 a
1267 2226 1419 2309 κύρβεσιν
1442 2221 1610 2287 distinxerit

331 2336 466 2400 Polemo
490 2357 548 2399 nee
572 2357 621 2411 ne,
647 2358 706 2400 nos
729 2359 860 2421 prorsus
884 2339 1070 2418 ignoramus
1084 2340 1108 2422 ²¹)

438 2447 497 2508 His
529 2455 673 2510 veterum
703 2449 868 2511 sententiis
897 2448 999 2510 allatis
1029 2450 1092 2511 iam
1123 2449 1294 2530 quaeritur,
1331 2467 1428 2528 quam
1460 2442 1608 2508 veredici

331 2561 491 2639 putemus.
550 2557 665 2638 Neque
700 2559 847 2640 prolecto
882 2559 1054 2640 quisquam
1090 2553 1264 2632 dubitabit,
1302 2559 1379 2639 quin
1402 2557 1455 2626 ,de
1490 2555 1548 2617 hae
1580 2573 1607 2614 re

331 2686 458 2730 summa
481 2667 561 2730 fides
583 2669 733 2732 habenda
764 2670 805 2731 sit
829 2668 1004 2736 Aristoteli.
1034 2671 1155 2752 quippe
1183 2669 1237 2749 qui
1259 2689 1317 2750 per
1346 2677 1472 2730 tantum
1495 2675 1607 2744 tempo·

332 2798 401 2839 rum
431 2779 571 2860 spatium
594 2779 732 2842 Athenis
762 2780 862 2843 vitam
890 2780 1016 2860 degerit
1049 2791 1081 2843 et
1112 2781 1220 2842 omnia
1253 2797 1379 2840 summa
1401 2775 1563 2856 diligentia
1581 2782 1608 2833 et

330 2888 508 2968 sagacitate
532 2899 728 2968 pertractare
751 2891 864 2952 solitus
887 2890 936 2951 sit.
985 2892 1099 2970 ltaque
1123 2889 1254 2973 κύρβεις
1277 2897 1310 2951 et
1334 2882 1452 2970 ἄξονας
1474 2883 1607 2947 eiusdem

331 2999 375 3061 rei
405 2998 535 3060 nomina
568 2998 663 3062 luisse
693 3010 880 3072 statuamus
909 3002 1100 3082 praesertim
1131 3021 1204 3061 cum
1230 2993 1473 3068 Eratosthenes,
1502 2995 1555 3078 qui
1582 3002 1608 3053 et

331 3111 400 3191 ipse
423 3108 561 3171 Athenis
584 3120 730 3172 versatus
753 3121 801 3174 est
826 3110 896 3192 [Clr.
923 3111 1039 3174 Preller
1061 3111 1079 3172 l.
1105 3110 1123 3172 l.
1149 3129 1224 3192 pag.
1253 3111 1302 3194 86]
1334 3108 1420 3169 idem
1444 3105 1607 3168 tradiderit.

331 3220 469 3292 Tertius,
502 3220 557 3301 qui
588 3219 654 3282 illas
686 3221 767 3302 pilas
791 3204 930 3283 Athenis
958 3223 1023 3283 suis
1052 3219 1151 3289 oculis
1179 3219 1268 3292 vidit,
1292 3219 1433 3289 Polem0,
1465 3215 1557 3278 etiam
1586 3212 1607 3272 si

331 3350 395 3391 non
419 3350 486 3392 rem
510 3330 686 3404 confirmet,
712 3342 821 3393 tamen
846 3351 910 3392 non
941 3332 1120 3413 impugnat.
1168 3330 1243 3410 Quo
1274 3328 1407 3398 accedit,
1439 3326 1525 3406 quod
1547 3323 1607 3386 Ari·

329 3440 508 3522 stophanes
539 3462 686 3523 quoque,
721 3463 917 3524 quamquam
941 3441 1152 3505 differentiam
1177 3442 1330 3502 interesse
1360 3438 1479 3508 statuit,
1508 3445 1607 3497 tamen
1686 3487 1687 3492 ,

329 3552 428 3613 etiam
451 3551 579 3634 κύρβεις
602 3554 752 3615 concedit
775 3553 855 3635 pilas
880 3573 960 3626 esse,
992 3573 1076 3635 quae
1105 3551 1290 3612 cardinibus
1313 3540 1607 3625 circumagantur.³)

330 3663 452 3744 ltaque,
488 3683 563 3724 cum
599 3683 708 3724 revera
747 3658 896 3744 »ἄξονεςι
935 3661 1061 3736 fuerint,
1098 3681 1163 3723 non
1195 3680 1264 3723 esse
1295 3658 1430 3738 videtur,
1465 3675 1520 3717 cur
1551 3670 1606 3713 non

330 3768 444 3856 ἄξονες
466 3774 564 3835 etiam
587 3773 739 3856 appellati
763 3775 835 3836 sint.
884 3774 1032 3854 Denique
1049 3773 1103 3853 qui
1128 3780 1242 3833 contra
1258 3770 1430 3851 disputant,
1455 3765 1513 3844 ipsi
1536 3763 1608 3824 inter

328 3905 365 3945 se
378 3893 571 3963 repugnant,
597 3904 670 3946 cum
688 3884 748 3958 alii,
773 3884 861 3946 velut
877 3883 1124 3966 Aristophanes,
1150 3880 1252 3944 solam
1269 3877 1451 3959 argumenti
1473 3874 1607 3938 differen-

440 4122 457 4190 “)
477 4125 517 4172 De
535 4126 584 4174 hoc
602 4124 744 4174 Polemonis
762 4124 848 4175 libello
867 4125 910 4174 clr.
930 4125 1024 4174 Preller
1042 4125 1058 4174 l.
1078 4125 1094 4176 l.
1114 4140 1173 4190 pag.
1193 4122 1225 4186 85
1246 4137 1300 4186 sqq.

440 4215 460 4284 'l
479 4217 552 4266 Idem
570 4226 654 4267 censet
673 4218 809 4267 Muellems
828 4217 938 4286 [Fragm.
958 4219 1023 4268 Hist.
1044 4218 1133 4268 Graec.
1153 4217 1185 4265 ΙΙ.
1202 4232 1261 4280 pag.
1277 4212 1346 4278 130]‚
1364 4227 1421 4260 eum
1440 4209 1512 4257 dicit:
1534 4203 1607 4252 »Num

327 4309 383 4373 ipse
400 4309 505 4358 Polemo
529 4310 594 4360 inter
619 4306 732 4376 κύρβεις
756 4319 781 4360 et
806 4311 910 4369 ἄξονας
929 4311 1074 4370 distinxerit,
1093 4325 1123 4358 ex
1141 4309 1198 4358 loeo
1216 4287 1421 4370 Harpocrationis
1438 4303 1489 4351 erui
1505 4297 1608 4361 nequitr.

439 4397 562 4469 'lvertn
584 4404 657 4453 affert
675 4404 767 4454 Preller
785 4423 845 4471 pag.
864 4418 912 4468 90:
938 4400 1121 4473 ’Λμιροτέρων
1140 4402 1171 4453 δὲ
1192 4397 1221 4451 τύ
1247 4392 1461 4464 κατασκεύασμα
1481 4395 1606 4444 rotatur.

333 4495 470 4544 πλινθίον
494 4514 521 4546 τι
543 4501 623 4566 μέγα
648 4494 835 4567 α’νδρόμηκτς,
860 4495 1021 4568 ἡρμοσμένα
1048 4498 1118 4566 ἔχον
1143 4491 1306 4564 τετράγωνα
1327 4487 1407 4550 ξύλα,
1432 4483 1481 4546 τας
1499 4479 1606 4550 ulalate

329 4587 464 4648 πλατείας
481 4591 588 4658 ἔχοντα
600 4593 649 4642 καὶ
663 4589 842 4662 γραμμάτων
855 4589 976 4660 πλήρεις,
997 4592 1230 4658 ἑκατέρωθεν
1249 4588 1285 4639 dt
1305 4582 1508 4644 κνώδακας,
1528 4577 1606 4630 ⁰5⁶¹!

328 4686 518 4736 κινεῖσθαι
542 4687 602 4740 καὶ
628 4691 945 4760 περιστρέφεσθαι
973 4682 1034 4740 lul
1061 4673 1428 4754 τῖναγινωσιτύντισν.Ι
