3486 5436
758 504 795 566 16

663 594 872 604 m

6 731 9 768 l
119 709 303 799 Εὐριπίδου
325 711 576 800 έξίίνδρομέδας
609 715 770 782 »ἐκθεῖναι
800 716 892 800 κήτεϊ
919 716 1079 801 φορβδνι,
1113 710 1158 792 ὡς
1191 711 1413 804 Ἀσκληπιάδης

114 821 160 888 τὰ
194 823 331 910 μηδέπω
360 825 562 910 διδαχθείσης
585 836 645 910 τῆς
679 827 861 912 τραγῳδίας
900 826 1178 912 παρατιθέμενος,
1213 819 1259 902 ὡς
1289 829 1344 893 καί
1373 827 1414 893 τὸ

6 997 7 1000 ,
117 931 197 1018 [Cir.
223 956 254 1001 v.
277 951 341 1014 423
366 936 452 1019 sqq]
488 933 546 1000 »oui
569 933 631 1020 γὰρ
663 945 769 1002 ταῦτα
789 936 901 1002 πάντα
922 938 976 1003 καὶ
998 935 1039 1002 τὸ
1060 936 1135 1021 τῇδε
1164 939 1218 1002 καὶ
1240 936 1280 1002 τὸ
1306 949 1411 1003 astoer

116 1042 212 1128 παρὰ
234 1042 279 1110 rd
301 1042 338 1109 ἐκ
360 1053 428 1110 τῶν
448 1045 581 1130 μηδέποο
609 1047 821 1130 διδαχδεισιῖνν
858 1051 1040 1114 Φοινισσῶν
1062 1064 1163 1131 φησιν
1189 1043 1337 1113 »κάκεῖσε
1358 1048 1413 1112 καὶ

115 1151 159 1220 τὸ
181 1153 360 1238 δεῦρο,μὴ
382 1153 476 1231 δόλος
499 1178 549 1230 τις
571 1145 622 1239 ᾗς.
647 1159 702 1222 καί
731 1151 816 1232 δλως
844 1155 930 1223 πολὺ
962 1153 1052 1242 παρὰ
1078 1165 1158 1221 πᾶσι
1181 1156 1222 1222 τὸ
1250 1165 1410 1224 τοιοῦτον.

115 1263 215 1346 Quae
250 1264 351 1327 verba
374 1266 418 1328 ita
445 1266 652 1346 intelligenda
682 1287 754 1330 esse
781 1269 983 1330 demonstrat
1007 1267 1204 1350 Bakhuyzen
1219 1268 1251 1352 ¹),
1283 1277 1319 1332 ut
1354 1268 1414 1331 As-

116 1375 284 1458 clepiades
315 1375 446 1459 quidem
469 1375 520 1439 illa
544 1378 645 1441 verba
667 1378 818 1461 parodias
842 1398 913 1441 esse
943 1377 1104 1461 Euripidis
1128 1378 1321 1452 contendat,
1356 1377 1413 1440 sed

117 1507 196 1550 eum
219 1505 325 1549 errare
351 1488 431 1550 alius
461 1487 650 1552 scholiastes
682 1509 724 1550 ex
756 1509 795 1550 ea
828 1508 863 1550 re
894 1488 1032 1569 colligat,
1065 1489 1155 1573 quod
1182 1487 1312 1556 fabulae
1343 1487 1415 1551 illae

117 1596 317 1680 Euripideae
356 1608 433 1681 post
467 1597 557 1662 Aves
597 1598 827 1678 Aristophanis
866 1599 982 1663 doctae
1020 1599 1093 1665 sint.
1151 1597 1282 1661 Erravit
1313 1600 1414 1682 igitur

117 1707 336 1790 Asclepiades
351 1708 436 1770 inani
451 1709 625 1771 verborum
647 1709 853 1772 similitudine
868 1709 1033 1788 deceptus.
1081 1709 1172 1771 Idem
1196 1729 1285 1771 error
1306 1727 1414 1772 occur·

118 1819 162 1881 rit
184 1817 216 1880 in
239 1818 374 1892 scholio,
398 1820 489 1901 quod
503 1820 609 1882 verbis
631 1841 661 1882 v.
680 1835 779 1900 1720:
799 1813 919 1903 Ἀναγε,
942 1819 1034 1900 δίεχε,
1058 1815 1194 1900 πάραγε,
1217 1815 1338 1900 πάρεχε
1362 1817 1412 1880 ad·

117 1928 366 2012 scriptumest:
392 1927 550 2012 Χλευάζει
585 1929 618 1994 δε
646 1927 736 2014 παρὰ
766 1927 809 1996 τὰ
837 1927 873 1994 ἐκ
900 1927 1065 2013 Τρῳάδων
1085 1923 1266 2010 Εὐριπίδου
1292 1921 1416 2010 »ἄνεχε

6 2071 8 2076 ·
117 2037 253 2122 πάρεχε,
284 2045 355 2119 φῶς
388 2038 466 2123 φέρε
500 2038 576 2124 [Cir.
602 2038 722 2102 Troad.
754 2059 783 2103 v.
810 2041 893 2122 308].
940 2039 1025 2102 Nam
1053 2039 1121 2100 sine
1149 2037 1249 2100 dubio
1281 2035 1322 2099 de
1353 2036 1416 2099 hac

117 2149 316 2212 scholiastae
355 2151 514 2212 sententia
555 2159 641 2212 recte
685 2151 806 2214 iudicat
848 2148 1045 2231 Bakhuyzen
1085 2147 1105 2213 l.
1140 2146 1172 2221 l..
1211 2166 1285 2210 cum
1323 2145 1416 2212 dicit:

123 2259 239 2324 »Errat
262 2260 461 2327 scholiastes.
508 2260 611 2323 Recte
644 2260 766 2324 indicat
787 2260 883 2323 Kock
905 2259 1006 2322 verba
1028 2256 1258 2338 Aristophanis
1279 2255 1416 2340 imperia

119 2389 196 2433 esse
224 2391 244 2432 a
279 2391 313 2432 re
346 2370 471 2433 militari
506 2371 639 2450 petita«.
684 2359 927 2434 Perversissima
957 2378 1005 2432 est
1043 2369 1142 2432 etiam
1176 2367 1310 2448 Didymi
1345 2385 1414 2430 sen·

116 2481 239 2554 tentia,
274 2501 371 2565 quam
403 2481 445 2543 ad
473 2499 501 2544 ν.
543 2475 748 2548 112121'122'
780 2477 890 2548 οὑτοσὶ
920 2478 1025 2562 τρέχει
1055 2500 1106 2553 τις
1127 2472 1274 2559 ίίλφειὸν
1306 2475 1418 2541 πνέων

117 2588 282 2653 scholium
305 2591 411 2656 affert:
433 2584 467 2656 ‘O
489 2589 522 2655 δε
538 2591 695 2676 Δίδυμος·
719 2589 809 2676 παρὰ
831 2589 1059 2674 τδΠινδιίρου
1085 2582 1274 2671 »ἄμπνευμα
1296 2584 1416 2670 σεμνὸν

116 2697 289 2780 Ἀλφειοῦ(
322 2699 398 2785 [Cir.
431 2701 523 2764 Nem.
564 2719 590 2775 ι,
621 2703 659 2792 ι].
713 2703 797 2764 Nam
830 2701 893 2764 hoc
913 2701 1049 2765 ,Pindari
1076 2694 1248 2783 ἄμπνευμα
1270 2691 1417 2777 Ἀλφειοῦ

116 2811 230 2872 locum
265 2809 439 2891 significat,
471 2812 526 2874 ubi
560 2813 632 2896 quis
662 2812 803 2874 animum
837 2830 1019 2894 corpusque
1050 2809 1194 2874 remittat
1221 2815 1255 2871 et
1283 2806 1415 2873 relaxet.

116 2921 211 3002 Quid
243 2919 341 3002 igitur
371 2921 415 2982 rei
445 2930 556 2984 nostro
588 2924 694 2986 versui
722 2941 796 2986 cum
825 2921 950 2985 Pindari
978 2919 1072 2983 loco?
1100 2919 1155 2982 Ad
1183 2937 1246 2980 vss.
1289 2930 1416 2997 1237-

116 3047 179 3107 4o:
215 3019 251 3096 ³9
283 3035 380 3114 μῶρε,
414 3038 511 3116 μῶρε,
544 3031 589 3116 μὴ
622 3035 713 3096 θεῶν
747 3033 829 3096 κίνει
863 3030 985 3116 φρένας
1019 3030 1123 3104 δείσας
1156 3021 1247 3103 ὅπως
1279 3025 1324 3110 μή
1359 3017 1417 3090 σου

116 3139 216 3224 γένος
254 3137 472 3225 πανώλεθρον
506 3140 582 3217 Διὸς
602 3142 748 3226 μακέλλῃ
780 3148 848 3206 πᾶν
879 3137 1077 3224 ἀναστρέψει
1100 3139 1180 3224 Δίκη
1213 3137 1276 3200 hoc
1310 3145 1417 3200 exstat

116 3251 301 3320 scholium:
335 3247 439 3318 Τοῦτό
467 3267 546 3338 φησι
575 3251 666 3337 παρὰ
696 3252 737 3319 τὸ
759 3250 965 3333 Σοφόκλειον
988 3271 997 3286 ·
1017 3251 1120 3336 χρυσῇ
1141 3245 1284 3332 μακέλλῃ
1308 3243 1415 3330 Ζηνὸς

113 3360 361 3446 έξαναστραφῇ.
420 3363 472 3426 Ac
511 3372 598 3427 certe
638 3363 719 3427 haec
759 3364 859 3426 verba
892 3361 1099 3442 tragoediam
1133 3377 1233 3443 quam
1270 3357 1413 3419 maxime

115 3471 270 3535 redolere
300 3491 397 3536 nemo
430 3473 490 3538 erit
523 3474 578 3558 qui
611 3483 718 3556 neget.
744 3473 831 3538 ·Sed
867 3481 955 3536 recte
988 3491 1063 3534 mea
1096 3468 1227 3550 quidem
1257 3466 1417 3531 sententia

115 3583 316 3646 Taeuberus
349 3581 413 3646 hoc
447 3593 559 3647 monet
571 3584 610 3670 ²):
645 3583 742 3648 Ohne
773 3584 887 3666 irgend
910 3583 961 3644 ein
984 3581 1188 3645 bestimmtes
1210 3576 1350 3640 Vorbild
1386 3577 1418 3640 in

115 3693 180 3756 der
214 3691 380 3774 Tragodie
412 3693 654 3756 nachzuahmen
688 3694 768 3757 oder
801 3712 859 3776 gar
891 3713 929 3755 zu
960 3699 1167 3773 verspotten,
1201 3686 1317 3751 erhebt
1349 3686 1418 3750 sich

115 3801 169 3866 ost
192 3803 253 3864 der
273 3801 440 3866 komische
463 3803 637 3868 Ausdruck
661 3801 696 3884 je
723 3802 806 3868 nach
830 3799 906 3866 dem
928 3801 1032 3866 lnhalt
1062 3821 1100 3864 zu
1124 3797 1198 3862 echt
1222 3797 1418 3880 tragischem

114 3911 264 3985 Pathos,
298 3912 422 3975 sowohl
455 3913 486 3975 in
519 3914 577 3977 der
609 3912 706 3976 Wahl
746 3914 804 3977 der
834 3911 949 3977 Worte
981 3912 1041 3976 wie
1081 3911 1125 3972 im
1158 3907 1324 3989 Rythmus
1358 3909 1416 3972 des

114 4022 252 4088 Verses.
299 4020 363 4084 Die
386 4022 472 4086 alten
495 4021 734 4087 Grammatiker
765 4031 908 4086 nannten
932 4023 991 4086 das
1014 4018 1285 4106 παρατρέγιρδεῑν
1308 4016 1329 4102 [i
1352 4015 1425 4082 cre·

113 4131 224 4198 schol.
256 4151 285 4194 v.
315 4133 417 4217 12461.
473 4132 547 4196 Hoc
574 4135 697 4216 grande
726 4133 853 4198 dicendi
883 4153 987 4217 genus
1011 4130 1179 4203 invenitur.
1204 4137 1241 4191 ut
1270 4127 1420 4214 exempla

113 4243 268 4316 afletam,
291 4241 323 4306 in
344 4243 491 4308 versibus
520 4259 597 4324 1231
624 4264 705 4327 sqq..
734 4248 817 4324 1238
840 4264 923 4328 sqq,
951 4263 1035 4326 quos
1057 4243 1114 4306 lris
1138 4239 1267 4315 recitat,
1293 4248 1363 4302 tum
1387 4239 1419 4302 in

235 4509 251 4582 'J
271 4513 327 4564 Van
346 4513 378 4564 de
391 4513 475 4565 Saude
487 4515 655 4580 Balihuyren:
673 4516 714 4566 De
725 4516 830 4584 parodia
848 4515 875 4566 in
894 4515 1032 4568 comoediis
1046 4513 1226 4580 Aristophanis.
1247 4511 1354 4566 Traiect.
1373 4510 1417 4562 ad.

113 4609 207 4660 Rhen.
232 4603 298 4668 1877
317 4622 375 4672 pag-
396 4607 440 4659 82.

234 4695 253 4764 ¹)
274 4697 325 4748 Cir.
346 4698 438 4748 Koclrii
456 4699 489 4748 εδ
508 4715 530 4748 v.
554 4709 620 4764 1¹97
640 4709 725 4751 annot.
