3486 5436
775 517 815 579 ¹4

691 591 901 602 ——un-—n-t

147 729 237 790 1410
251 733 317 795 sq.:
344 707 490 798 ’Όρυιθίς
506 736 592 790 τινες
607 707 663 780 otu
683 710 778 779 οὐδὲν
798 711 927 798 ἔχοντες
946 715 1200 798 πτεροποίκιλοι,
1224 717 1440 800 τανυσίπτερε

141 823 280 890 ποικίλα
310 823 438 909 χελιδοῖ,
470 844 554 907 quae
585 823 722 908 parodia
743 834 819 888 sunt
840 825 991 888 carminis
1013 824 1141 897 Alcaei,
1172 833 1208 888 ut
1231 825 1329 890 docet
1349 825 1439 890 scho

139 935 241 998 lium:
270 935 358 1010 ίίνὲς
373 932 463 1022 παρά
479 933 519 1000 τὸ
533 933 679 1000 ν’ίλκαίου
698 926 860 1018 ιὌρνιθές
874 956 961 1010 τινες
976 929 1035 1000 σίδ
1049 929 1186 999 ὠκεαυῶ
1202 940 1308 1000 κτλι.
1338 933 1440 1002 Simul

142 1064 226 1108 vero
262 1044 319 1117 his,
355 1065 436 1130 quas
457 1055 626 1128 postremo
659 1044 732 1108 loco
766 1045 876 1119 attuli,
912 1043 1053 1128 parodiis
1086 1046 1259 1129 perstringi
1289 1045 1440 1109 videntur

142 1141 290 1218 carmina
326 1154 376 1219 illa
413 1155 528 1230 inania,
562 1174 647 1239 quae
680 1155 777 1237 plena
799 1156 864 1218 sint
884 1155 992 1218 avium
1021 1163 1054 1218 et
1076 1173 1271 1238 pennarum.
1304 1153 1373 1230 vel.
1405 1163 1441 1218 ut

140 1264 275 1328 nuntius
302 1264 379 1329 dicit
411 1285 441 1327 v.
472 1281 550 1344 1301
584 1286 676 1350 sqq.:
709 1257 812 1331 Ὅπου
840 1262 977 1349 χελιδὼν
1008 1253 1120 1351 ἦυτις
1149 1261 1440 1350 ἐμπεποιημένηίὶ

139 1372 294 1458 πηνέλοψ
317 1365 338 1460 ἢ
358 1373 420 1459 χήν
442 1396 492 1451 τις
515 1367 535 1460 ἢ
559 1372 733 1460 περιστερά
756 1367 964 1462 ἣπτέρυχες,
987 1368 1147 1461 ἢπτεροῦ
1168 1397 1201 1442 τι
1224 1375 1278 1440 καί
1304 1372 1440 1459 σμικρὸν

141 1491 284 1568 προσην.
309 1521 351 1532 -
375 1484 503 1548 Deinde
530 1487 629 1549 etiam
651 1487 896 1571 proverbiorum
925 1495 1054 1550 exstant
1083 1485 1257 1549 nonnullae
1282 1486 1438 1568 parodiae
1504 1475 1508 1484 ¹

142 1601 180 1657 ut
209 1614 241 1661 v.
270 1609 369 1674 1147:
397 1595 432 1662 Τί
455 1596 538 1679 δῆτα
560 1594 657 1672 πόδες
685 1590 729 1660 άν
751 1592 812 1662 οὐκ
835 1592 877 1662 liv
899 1594 1110 1681 ἐργασαίατο,
1143 1596 1250 1682 quod,
1275 1604 1312 1660 ut
1341 1595 1440 1659 docet

141 1703 314 1780 scholium,
355 1705 469 1769 dicitur
503 1703 599 1786 Παρά
640 1706 702 1792 τὴν
743 1709 920 1792 παροιμίαν
944 1730 951 1745 ·
974 1709 1007 1774 τί
1040 1707 1124 1793 δῆτα
1158 1717 1262 1791 χεῖρες
1298 1700 1361 1771 οιίκ
1395 1698 1439 1768 tv

141 1813 344 1899 ἐργασαίατο.
392 1816 599 1881 Proverbium
622 1817 721 1900 igitur
742 1819 775 1881 in
797 1839 847 1884 res
869 1817 1026 1883 humanas
1047 1819 1266 1902 compositum
1294 1816 1328 1880 in
1351 1814 1437 1880 illam

141 1923 282 1988 sormam
306 1925 437 1989 ridicule
459 1924 612 2001 mutatur,
635 1937 672 1990 ut
692 1928 734 1990 ad
757 1948 835 1992 aves
856 1928 1141 1993 accommodatum
1171 1929 1226 1994 sit.¹
1267 1925 1379 1990 Verba
1404 1945 1434 1988 v.

148 2037 250 2114 1484:
289 2034 339 2101 Ἐν
379 2039 422 2118 τῇ
455 2034 586 2119 λύχνων
616 2033 727 2121 ἐρημίᾳ
759 2048 834 2102 sunt
865 2037 969 2102 faceta
1002 2038 1138 2123 parodia
1170 2035 1348 2119 proverbii:
1384 2033 1435 2102 ’ίδν

140 2148 295 2211 Σκυθῶν
326 2143 437 2234 ἐρημίᾳ
466 2146 643 2209 secundum
672 2147 865 2212 scholiastae
895 2149 1153 2213 annotationem:
1194 2127 1377 2212 Πέπαικται
1404 2143 1438 2209 δὲ

142 2253 297 2320 ἀπὸτοῦ
317 2259 466 2322 Σκυθῶν
486 2252 606 2340 ἐρημία.
632 2255 710 2342 [Cir.
734 2257 866 2322 Acharn
889 2278 918 2321 v.
944 2258 1032 2344 704].
1066 2258 1218 2341 Denique
1231 2249 1443 2339 proverbium

141 2367 233 2448 Πεςῇ
266 2365 396 2449 βαδίζω·
430 2379 498 2431 verr
535 2363 598 2451 γάρ
633 2362 695 2431 οὐκ
729 2363 901 2451 ἐπίσταμαι
932 2369 1137 2452 parodiarum
1165 2387 1256 2432 more
1284 2385 1317 2443 ι.
1353 2379 1435 2444 1422

141 2483 307 2540 mutatum
341 2497 413 2540 esse
447 2478 479 2540 in
511 2475 671 2542 σκάπτειν
707 2473 769 2542 οὐκ
800 2475 972 2562 ἐπίσταμαι
1007 2478 1094 2542 haud
1125 2475 1349 2561 improbabilis
1388 2482 1438 2538 est

141 2585 336 2649 scholiastae
356 2587 530 2652 sententia:
555 2584 693 2672 Εἴρηται
716 2586 862 2671 δὲπαρά
884 2587 946 2673 τὴν
976 2589 1168 2673 παροιμίαις
1198 2588 1281 2672 πεζῇ
1300 2584 1431 2668 βαδίζω.-

143 2705 213 2760 νετν
235 2692 300 2779 χάρ
322 2692 382 2761 οὐκ
404 2695 585 2781 ἐπίσταμαι.
610 2735 653 2746 -
676 2697 816 2762 Oracula
847 2699 989 2762 imitatur
1019 2698 1257 2782 Aristophanes
1280 2717 1345 2764 vss.
1369 2697 1436 2778 967

142 2807 252 2888 —68;
275 2821 446 2888 ενι-τυ
470 2823 553 2891 9753
577 2824 749 2889 ενι-ια
779 2811 950 2889 οδε-ὃν
982 2810 1147 2890 987-88·
1179 2807 1233 2890 qn
1262 2828 1337 2871 cum
1370 2806 1435 2870 un-

142 2935 237 2978 verse
261 2927 373 2978 vatum
397 2915 524 2980 illorum
547 2917 708 2980 fallacium
731 2918 1007 3000 vaniloquentiam
1030 2927 1064 2982 et
1086 2916 1323 2998 impudentiam
1346 2936 1433 3002 pers·

141 3025 287 3106 tringant
318 3036 351 3088 et
385 3027 590 3090 oraculorum
624 3048 741 3091 sonum
776 3029 906 3112 epicum
940 3014 1102 3101 irrideant
1137 3037 1207 3091 tum
1242 3027 1274 3090 in
1308 3024 1435 3108 singula

142 3135 273 3198 oracula
295 3135 487 3218 pervulgata
508 3137 664 3213 iocantur,
688 3138 777 3202 velut
798 3159 861 3205 vss.
885 3139 1055 3220 967—68:
1072 3136 1153 3204 Ἀλλ’
1177 3129 1259 3202 ὅταν
1279 3133 1433 3221 οίκήσιοσι

142 3244 236 3310 λύκοι
263 3247 374 3310 πολιαί
400 3269 436 3312 τε
466 3253 608 3332 κορῶναι
630 3245 668 3312 ἐν
688 3244 812 3334 τάυτᾳ”
834 3245 876 3314 τὸ
895 3247 1016 3334 μεταξὺ
1039 3249 1208 3333 Κορίνθου
1230 3247 1285 3312 καί
1308 3251 1435 3314 navo

143 3377 209 3433 νος,
234 3356 276 3417 de
299 3356 416 3436 quibus
437 3357 597 3420 scholium
619 3359 683 3422 hoc
705 3359 802 3422 dicit:
827 3356 924 3444 Παρά
952 3357 1014 3423 τὸν
1038 3356 1211 3444 λεγόμενον
1231 3355 1385 3442 χρησμόν
1407 3355 1435 3421 εί

141 3463 184 3531 τὸ
203 3464 303 3548 μέσον
324 3465 459 3548 κτήσαιο
480 3468 650 3552 Κορίνθου
670 3469 725 3533 καί
748 3473 931 3547 Σικυῶνος,
959 3466 1030 3534 ἐπεὶ
1058 3469 1113 3534 καί
1142 3463 1164 3552 η
1191 3465 1286 3543 πόλις
1315 3464 1436 3552 μεταξὺ
1540 3445 1548 3464 ’

141 3571 286 3660 οὐρανοῦ
307 3575 362 3640 καὶ
384 3585 445 3660 γῆς
465 3573 603 3661 ίδρυται.
625 3570 753 3655 Ἄλλως.
781 3576 930 3663 Αίσώπῳ
958 3581 1010 3663 τῷ
1036 3576 1247 3663 μυθογράφῳ
1277 3575 1437 3662 χρωμένῳ

142 3687 217 3770 περὶ
241 3683 388 3752 πλούτου
408 3681 428 3751 δ
449 3685 528 3763 θεὸς
549 3683 650 3753 εἶπεν·
672 3687 701 3754 εί
720 3687 762 3756 τὸ
783 3688 880 3773 μέσον
902 3691 973 3755 κτλ.
990 3691 1012 3774 ¹)

254 3863 272 3928 'l
292 3866 363 3915 ldem
381 3867 509 3917 oraculum
528 3867 600 3918 affert
618 3869 763 3920 Athenaeus
784 3880 807 3934 5,
826 3881 878 3932 219
896 3870 933 3918 A:
966 3863 1023 3918 Τιίν
1042 3864 1215 3938 πυθόμενον,
1235 3865 1288 3918 τίν’
1306 3861 1438 3924 Αίσιιττάς

142 3955 246 4011 interii
266 3955 419 4028 λαχυτιοιδς
432 3961 447 4023 ἢ
460 3960 544 4018 «illoc
560 3970 612 4020 τις·
631 3968 693 4030 nuic
705 3963 740 4016 ἂν
754 3959 948 4034 πλουτήσαιμι,
972 3959 1037 4021 Acris
1056 3959 1103 4014 καί
1124 3945 1231 4024 ΛητοῦςΔ
1246 3963 1290 4012 υίέ
1298 3978 1305 4022 ;
1322 3961 1437 4030 gleu-

140 4051 237 4112 α’ζιυν
263 4049 442 4118 τίαεκρίνιιτο·
470 4056 497 4106 τί
515 4051 545 4107 τί
569 4061 660 4126 μέσον
686 4053 800 4122 κτήσαιο
821 4061 969 4126 Κορίνθου
994 4057 1042 4108 καί
1064 4061 1218 4112 Σικυῶνος.
1266 4054 1343 4105 Miror
1368 4055 1437 4122 quod

140 4147 254 4198 Koclrius
278 4147 303 4196 in
327 4149 489 4198 annotatione
513 4149 547 4200 ad
574 4167 594 4200 ι.
615 4139 672 4214 Ι968
698 4153 814 4218 opinatur
837 4151 901 4202 illud
923 4143 1073 4220 χλευάζων
1098 4167 1149 4200 non
1168 4149 1276 4216 intelligi
1294 4163 1370 4215 posse
1388 4148 1435 4200 nisi

141 4241 202 4304 agri.
223 4241 266 4305 qui
285 4221 334 4288 sint
355 4242 417 4291 inter
436 4239 584 4292 Corinthum
602 4251 628 4293 et
646 4243 786 4309 Sicyonem,
808 4246 918 4295 maxime
936 4244 1032 4295 steriles
1051 4244 1150 4296 luerint.
1188 4243 1222 4292 m
1240 4249 1338 4294 tantum
1357 4244 1437 4304 abest.

142 4343 168 4381 ut
185 4333 281 4382 steriles
299 4332 396 4390 luennt.
416 4343 443 4384 ut
462 4333 575 4399 frugibus
593 4335 787 4398 abundaverint,
806 4335 832 4385 id
851 4337 921 4402 quod
938 4339 1059 4402 cognosci
1077 4344 1158 4402 potest
1176 4351 1207 4386 ex
1226 4333 1351 4386 Eusthatii
1369 4334 1436 4396 loeo,

139 4439 215 4488 quem
227 4425 283 4490 ipse
296 4424 406 4476 Koelrius
420 4425 501 4476 affert:
525 4422 680 4496 Εὐδαίμων
699 4425 714 4493 ἡ
732 4424 857 4496 Σικνιιίν,
877 4429 925 4482 καί
940 4430 1022 4494 δηλοῖ
1035 4424 1102 4481 ariri
1120 4424 1135 4493 ἡ
1153 4433 1292 4498 παροιμία
1306 4427 1438 4495 λέγουσα·

139 4519 180 4580 τίη
196 4535 250 4586 μοι
270 4512 303 4568 τά
325 4513 430 4586 μιτιιξά
452 4523 599 4588 Κορίνθου
623 4521 672 4572 καί
693 4526 848 4579 Σικυῶνος.
885 4524 988 4574 Prorsus
1007 4524 1072 4590 sugit
1089 4522 1219 4574 Koolriorn
1238 4519 1340 4572 Omeoli
1357 4522 1437 4588 iocus,

139 4611 181 4674 qni
200 4609 269 4660 idem
287 4617 337 4672 est,
364 4627 439 4676 quem
464 4613 490 4662 in
508 4629 535 4664 se
553 4614 631 4665 habet
654 4614 813 4682 Buergeri
836 4594 946 4668 nostri
962 4617 1042 4668 illud:
1067 4615 1150 4666 Wenn
1176 4613 1221 4664 mit
1239 4613 1285 4666 der
1302 4611 1381 4666 Sonu'
1400 4613 1439 4664 ilu

144 4703 207 4754 truh·
228 4703 313 4752 sattelt
332 4704 383 4753 und
401 4705 471 4754 reitet
489 4713 535 4755 etc.
