3486 5436
782 491 804 552 4

695 563 906 574 -.--..-..-

141 703 233 759 τινες
249 681 428 767 διάλειμμα,
452 684 507 747 καὶ
518 677 751 770 Ἀριστοφάνης
767 686 866 770 [Lege
883 682 1139 772 Ἀριστοφάνους.
1157 688 1265 772 Diod]
1288 686 1449 770 πλήρωμα

143 787 256 869 οὕτως
282 819 287 830 ·
311 792 375 876 ἐρῶ
408 793 433 858 δ’
459 791 523 876 ἐγώ
552 815 583 858 τι
607 803 676 860 τῶν
706 794 741 858 ἐν
773 793 899 881 ὄρνισιν
927 797 1047 881 νόμων.
1100 797 1165 878 Qui
1195 817 1307 861 versus
1334 806 1448 880 postea

147 904 178 966 in
202 905 336 966 codices
361 905 453 966 nobis
478 916 624 968 servatos
648 900 796 988 receptus
820 919 877 970 est.
926 908 992 972 Sed
1015 909 1069 990 qui
1103 909 1202 971 totius
1234 909 1295 971 loci
1318 927 1448 970 sensum

146 1015 316 1093 respiciet,
349 1013 424 1075 nihil
464 1015 675 1090 desiderabit,
709 1037 805 1099 quam
834 1020 878 1080 ob
902 1038 970 1082 rem
997 1039 1061 1080 non
1094 1019 1224 1091 dubito,
1257 1018 1333 1099 quin
1363 1018 1448 1082 hunc

147 1103 276 1184 versum
300 1123 444 1186 Kockius
468 1136 554 1187 recte
577 1127 716 1196 eiecerit,
742 1129 930 1208 praesertim
954 1148 1028 1190 cum
1059 1127 1134 1191 nihil
1166 1129 1208 1190 sit
1243 1127 1303 1190 nisi
1337 1147 1450 1190 versus

153 1249 232 1314 1345
276 1233 411 1296 molesta
457 1236 617 1314 repetitio.
683 1235 814 1298 lncaute
868 1238 965 1299 etiam
1011 1237 1228 1319 Symmachus
1281 1239 1321 1301 de
1366 1258 1448 1300 voce

146 1343 356 1427 κεβλήπυρις,
382 1365 447 1425 quo
472 1346 601 1407 nomine
626 1348 693 1407 avis
716 1347 877 1427 quaedam
903 1347 995 1409 nobis
1018 1349 1129 1428 ignota
1153 1347 1342 1429 appellatur,
1370 1349 1446 1427 agit,

147 1473 220 1516 cum
237 1454 281 1515 ad
299 1473 326 1516 ν.
346 1469 407 1532 303
426 1455 517 1519 dicit:
534 1455 671 1537 Μήποτε
686 1452 744 1538 οὐχ
760 1452 795 1518 ἓν
810 1455 908 1534 ἐστιν,
929 1453 1014 1520 ἀλλὰ
1030 1456 1098 1533 δύο,
1114 1457 1214 1542 φησὶν
1229 1453 1249 1521 δ
1263 1457 1445 1540 Σύμμαχος.

146 1566 199 1628 καὶ
233 1561 273 1628 ἐν
306 1577 374 1639 τοῖς
408 1564 619 1648 Καλλιμάχου
638 1564 660 1647 ¹)
702 1563 763 1648 γάρ
798 1563 1038 1650 ἀναγέγραπται
1076 1567 1183 1651 κε’βλη.
1218 1562 1286 1631 εἶτα
1322 1567 1448 1652 μύρμηξ

143 1666 331 1758 Ἑρμίππου
350 1674 575 1759 τετραμέτροις
590 1679 661 1740 κτλ.
678 1675 799 1759 [Lege:
824 1671 894 1740 cira
905 1678 1012 1760 πυρίς.
1023 1669 1203 1760 Ἕρμιππος
1221 1677 1449 1762 Τετραμέτροις

146 1788 208 1848 κτλ
242 1785 427 1868 Kusterus]
458 1784 618 1866 Opinatur
651 1785 749 1866 igitur
785 1785 1001 1866 Symmachus
1036 1807 1150 1850 vocem
1186 1789 1382 1872 κεβλήπυρις
1416 1790 1447 1850 in

147 1894 230 1958 duas
259 1915 357 1956 voces
395 1894 494 1978 κε’βλη
524 1907 556 1956 et
588 1897 686 1980 πυρίς
716 1896 921 1958 dividendam
953 1917 1042 1970 esse,
1074 1898 1117 1959 ita
1151 1908 1353 1978 ututraque
1382 1919 1448 1960 vox

145 2005 292 2085 singulas
313 2025 390 2065 aves
414 2005 581 2085 significet.
630 2005 694 2068 Sed
719 2006 781 2070 hoc
804 2008 830 2068 si
854 2017 940 2068 recte
956 2009 1106 2090 opinatus
1121 2016 1206 2068 esset
1223 2005 1445 2088 Symmachus,

147 2115 260 2194 viginti
297 2115 440 2195 quinque
473 2114 646 2178 choreutae
681 2127 954 2191 enumerarentur,
998 2137 1071 2180 cum
1119 2127 1243 2180 tantum
1280 2141 1298 2180 e
1333 2118 1445 2198 viginti

148 2235 305 2305 quattuor
334 2225 495 2287 choreutis
529 2227 661 2288 chorum
694 2228 854 2290 cornicum
883 2228 1065 2290 constitisse
1093 2247 1206 2290 omnes
1233 2229 1446 2292 consentiant.

147 2333 258 2414 Quam
289 2335 334 2396 ob
364 2354 431 2395 rem
456 2336 519 2396 iam
543 2337 622 2398 alius
661 2337 792 2418 quidam
829 2348 924 2398 vetus
961 2338 1116 2420 interpres
1153 2337 1228 2400 huic
1260 2337 1447 2418 Symmachi

145 2445 328 2506 sententiae
361 2454 447 2506 recte
477 2445 540 2506 hoc
564 2449 733 2529 opposuit:
772 2443 819 2510 Οὐ
851 2446 988 2510 δύναται
1012 2447 1070 2512 δύο
1092 2442 1174 2510 εἶναι
1197 2445 1249 2512 διὰ
1271 2446 1331 2512 τὸν
1353 2443 1447 2530 ἀριθ-

146 2552 210 2636 μὸν
245 2560 316 2617 τῶν
347 2551 626 2637 εἰκοσιτεσσάρων.
658 2595 700 2602 -
725 2557 843 2620 Similis
878 2568 927 2618 est
961 2557 1070 2619 scholii
1108 2559 1148 2619 de
1183 2577 1264 2620 voce
1299 2555 1447 2638 κύμινδις

148 2665 256 2727 versui
287 2667 364 2727 1181
394 2667 525 2748 ascripti
543 2668 643 2731 ratio:
673 2666 737 2750 Την
752 2666 901 2749 κύμινδιν
916 2663 977 2730 οὐκ
994 2663 1179 2750 ἀνέγραψεν
1196 2662 1214 2730 ὁ
1230 2668 1443 2754 Καλλίμαχος.

147 2773 276 2857 μήποτε
301 2766 361 2838 οὖν
385 2775 520 2849 κίσινδις
544 2775 715 2858 γραπτέον.
761 2777 969 2858 Quamquam
1001 2790 1034 2840 et
1056 2777 1247 2840 Aristoteles
1276 2785 1308 2840 et
1330 2776 1447 2839 Plinius

148 2895 182 2946 et
215 2884 381 2948 Homerus
395 2885 419 2964 ²)
450 2887 490 2947 de
520 2887 580 2948 hac
609 2907 668 2949 ave
699 2898 765 2949 tam
796 2887 915 2949 diserte
947 2887 1137 2968 loquuntur,
1171 2898 1205 2948 ut
1236 2907 1276 2949 ne
1305 2887 1446 2968 suspicio

148 2995 285 3077 quidem
298 2991 416 3058 'mendi
445 2997 558 3058 adesse
588 2999 698 3081 possit.
742 2997 862 3076 Magna
893 2997 1009 3059 deinde
1042 2997 1252 3080 interpretum
1283 2996 1446 3060 dubitatio

153 3117 226 3168 orta
250 3117 301 3168 est
324 3107 364 3168 de
395 3109 502 3170 verbis
525 3129 635 3170 versus
658 3108 716 3172 66:
741 3108 805 3170 Καὶ
827 3106 891 3190 μὴν
913 3106 988 3190 ἐροῦ
1011 3105 1053 3172 ιδ
1076 3106 1160 3192 πρὸς
1182 3107 1302 3179 ποδῶν,
1328 3108 1445 3187 quibus

152 3215 331 3298 Euelpides
355 3219 463 3291 utitur,
489 3229 524 3280 ut
544 3239 674 3301 upupae
696 3238 788 3280 servo
813 3220 930 3299 probet
953 3239 988 3282 se
1011 3238 1121 3282 revera
1145 3239 1215 3280 esse
1239 3215 1323 3279 illam
1348 3237 1441 3280 avem

151 3328 310 3409 pavidam
336 3323 555 3410 (lnodedrcde),
581 3350 679 3413 quam
704 3347 739 3390 se
762 3349 834 3391 esse
850 3327 1074 3392 affirmaverat.
1123 3327 1218 3389 Hunc
1234 3347 1362 3390 versum
1379 3347 1444 3389 non

150 3437 268 3500 dubito
300 3440 377 3520 quin
409 3451 495 3500 recte
518 3439 662 3502 Koclrius
694 3438 743 3501 his
774 3439 881 3500 verbis
911 3439 1138 3519 interpretatus
1167 3439 1223 3499 sit:
1252 3437 1346 3510 ›Das,
1379 3457 1444 3500 was

149 3567 211 3610 vor
241 3549 368 3610 meinen
398 3547 519 3610 Fiissen
547 3549 633 3630 liegt,
663 3547 818 3631 (ἑγκέχοδε
849 3547 912 3630 γάρ
943 3549 990 3610 Fr.
1022 3551 1099 3631 479)
1130 3548 1208 3608 wird
1232 3547 1291 3608 Dir
1321 3547 1442 3628 zeigen,

149 3659 228 3720 dass
263 3659 314 3720 ich
350 3659 436 3720 mich
471 3661 529 3721 mit
552 3659 657 3722 Recht
691 3660 888 3740 Aengstling
922 3666 1067 3740 genannt
1099 3657 1213 3719 habe«.
1261 3657 1335 3738 Qua
1370 3677 1444 3719 cum

147 3771 322 3841 sententia,
354 3770 379 3830 si
411 3770 542 3851 quidem
570 3781 656 3832 recte
690 3771 787 3831 verba
817 3769 971 3848 intelligo,
1003 3779 1096 3830 vetus
1125 3768 1255 3847 quidem
1287 3767 1444 3849 interpres

146 3881 324 3954 consentit,
354 3901 429 3944 cunr
460 3883 550 3945 dicit:
583 3879 671 3963 Λέγει
695 3879 727 3944 δὲ
750 3873 795 3955 ὡς
819 3874 885 3942 ὑπὸ
907 3887 966 3943 τοῦ
989 3877 1080 3951 δέους
1101 3875 1288 3957 ἐναφεικώς.
1337 3876 1443 3940 Ceteri

146 3991 343 4070 interpretes
365 4001 422 4052 aut
445 3992 578 4054 omnino
600 4012 664 4053 non
688 4002 744 4053 aut
765 3989 846 4052 falso
873 3990 974 4052 verba
1003 3987 1236 4052 intellexerunt.
1281 3987 1364 4050 Nam
1387 3991 1443 4072 qui

146 4122 226 4166 eum
250 4109 373 4163 terro‘e
398 4102 624 4183 perturbatum
654 4103 753 4164 verba
781 4102 923 4163 amentia
947 4099 998 4162 vel
1026 4100 1165 4160 obscura
1197 4096 1341 4160 locutum
1371 4117 1442 4161 esse

144 4209 228 4293 (ind
257 4221 319 4276 τοῦ
348 4210 455 4292 φόβου
485 4207 662 4296 ἀδιανόητα
690 4209 884 4294 ἐφθέγξατο)
917 4209 1098 4282 contendit,
1131 4227 1205 4270 eum
1242 4207 1305 4269 hoc
1334 4209 1442 4292 inepte

145 4325 257 4388 dicere
282 4323 352 4404 quis
377 4332 427 4384 est
450 4323 505 4405 qui
529 4323 646 4401 neget?
669 4323 783 4403 Neque
799 4323 886 4401 quod
912 4321 992 4382 alius
1016 4319 1146 4404 quidam
1171 4317 1262 4381 dicit:
1284 4307 1440 4400 Ήφησιν,

262 4481 281 4548 ¹)
301 4485 334 4534 H.
363 4501 385 4534 e.
414 4483 438 4532 in
458 4483 542 4532 libello
567 4484 676 4546 quodam
704 4485 778 4532 etium
807 4484 831 4531 in
857 4482 943 4530 scholl.
973 4482 1019 4528 Αν.
1046 4497 1067 4528 v.
1089 4480 1147 4542 765,
1173 4476 1231 4537 884,
1256 4475 1317 4526 1181
1340 4475 1442 4528 laudato

140 4595 221 4646 quem
240 4579 274 4626 de
293 4579 380 4626 avibus
400 4575 568 4626 Callimachus
585 4577 768 4640 conscripserat,
789 4583 815 4624 ut
834 4575 923 4624 Suidas
941 4589 959 4622 s.
979 4591 1003 4626 v.
1025 4573 1209 4642 Καλλίμαχος
1226 4567 1335 4620 ῑτιδίδίῑ.

257 4667 278 4735 ')
300 4669 383 4718 Verba
401 4669 471 4719 affert
490 4669 602 4718 Koclrius
621 4669 644 4716 in
664 4677 746 4718 annot.
768 4666 808 4718 ad.
828 4669 852 4717 h.
872 4685 893 4717 r.
