3486 5436
633 1558 943 1746 Praefatio.

246 1897 348 1960 Multa
378 1897 441 1960 iam
465 1897 522 1958 viri
552 1896 639 1959 docti
668 1896 709 1958 de
732 1896 861 1958 scholiis
891 1896 923 1958 in
946 1895 1173 1978 Aristophanis
1204 1896 1327 1959 fabulas
1351 1917 1437 1960 com-

142 2008 256 2089 positis
292 2018 324 2070 et
361 2005 533 2087 diligenter
563 2014 596 2067 et
626 2015 776 2068 accurate
805 2006 1032 2071 disseruerunt.
1087 2005 1246 2090 Imprimis
1289 2027 1367 2070 vero
1396 2006 1437 2074 Ο.

140 2117 426 2180 Schneiderus
446 2117 481 2184 in
505 2135 543 2177 ea
567 2134 702 2194 operam
724 2117 933 2197 studiumque
956 2114 1091 2178 contulit
1111 2114 1212 2190 libro,
1243 2118 1298 2198 qui
1329 2117 1438 2180 inscri-

141 2229 242 2290 bitur:
268 2227 327 2290 De
349 2236 541 2290 veterum
565 2225 604 2287 in
621 2224 942 2307 Aristophanem
964 2225 1434 2290 scholiorumsontibus

140 2335 329 2400 Sundiae
360 2337 466 2413 1838.
524 2334 600 2416 Quo
626 2334 708 2398 libro
743 2336 775 2397 id
810 2336 1017 2417 potissimum
1049 2336 1118 2420 agit
1151 2335 1199 2398 vir
1233 2337 1366 2410 doctus,
1403 2346 1438 2398 ut
1499 2367 1502 2378 ·

139 2445 262 2510 sontem
287 2446 435 2527 reperiat,
462 2466 503 2508 ex
525 2465 591 2526 quo
614 2444 810 2508 scholiorum
841 2456 1026 2508 nostrorum
1050 2447 1289 2528 compositores
1311 2457 1437 2510 veteres

140 2556 370 2620 annotationes
409 2555 701 2618 Alexandrinorum
744 2556 924 2638 petiverint.
985 2557 1094 2637 Negat
1132 2558 1219 2620 enirn
1254 2558 1437 2639 complures

139 2677 267 2732 veteres
298 2665 547 2728 commentarios
576 2667 607 2728 in
630 2667 778 2728 manibus
803 2687 914 2729 eorum
945 2666 1053 2734 fuisse.
1102 2667 1155 2728 Ex
1185 2686 1251 2729 uno
1273 2686 1436 2729 commen-

139 2778 221 2841 tario
237 2796 295 2839 eos
307 2777 415 2838 omnia
427 2774 571 2838 hausisse
582 2785 681 2858 atque
693 2777 778 2840 hunc
791 2777 888 2840 fuisse
899 2777 1172 2840 commentarium
1186 2776 1285 2858 Sym
1295 2776 1430 2840 machi

140 2888 206 2950 Sed
229 2887 302 2959 hoc,
327 2905 524 2968 quamquam
547 2906 676 2948 summa
700 2889 875 2969 sagacitate
897 2908 965 2952 rem
988 2888 1056 2968 egit
1072 2887 1298 2960 Schneiderus,
1325 2897 1434 2950 tamen

139 2999 267 3060 doctius
307 3016 406 3078 quam
444 2997 549 3058 verius
588 2997 708 3060 dixisse
744 2998 886 3071 videtur,
925 3017 1030 3080 neque
1071 2997 1239 3076 cuiquam,
1277 3006 1435 3078 quantum

136 3107 289 3186 equidem
312 3107 417 3178 vide0,
443 3105 550 3168 adhuc
581 3105 644 3167 hoc
666 3109 832 3188 persuasit.
881 3107 982 3170 Multa
1011 3116 1044 3168 et
1074 3126 1114 3167 ea
1147 3106 1336 3187 gravissima
1359 3107 1435 3170 Din-

137 3217 257 3279 dorfius
288 3217 318 3278 in
355 3213 557 3278 Praelatione
587 3216 747 3280 Editionis
779 3217 975 3280 scholiorum
1011 3226 1044 3278 et
1069 3216 1297 3297 Bernhardyus
1325 3217 1357 3280 in
1380 3217 1434 3278 Hi·

138 3328 237 3390 storia
259 3327 454 3389 Litterarum
471 3324 667 3390 Graecarum
683 3337 795 3390 contra
818 3328 1032 3408 disputarunt.
1073 3325 1201 3406 Quibus
1224 3325 1301 3388 nihil
1316 3327 1433 3400 habeo,

138 3437 228 3518 quod
251 3437 380 3502 addam.
426 3436 539 3518 Itaque
567 3458 642 3500 mea
665 3457 796 3519 quoque
828 3438 987 3499 sententia
1014 3438 1055 3498 de
1091 3437 1216 3516 origine
1235 3435 1433 3500 scholiorum

138 3547 215 3610 nihil
243 3567 304 3629 pro
331 3555 421 3609 certo
451 3547 561 3610 dicere
583 3568 757 3632 possumus
779 3547 838 3610 nisi
862 3546 941 3612 hoc:
974 3545 1118 3619 Multa,
1152 3566 1259 3626 quae
1281 3555 1377 3610 sunt
1399 3548 1436 3610 in

140 3656 324 3720 scholiis
361 3657 538 3731 nostris,
580 3657 881 3739 interpretibus
904 3656 1208 3720 Alexandrinis
1236 3658 1436 3720 debemus

138 3767 269 3830 multa
292 3766 583 3830 additamenta
613 3777 707 3830 sunt
729 3766 1030 3830 Graeculorum
1061 3767 1187 3829 medii
1215 3768 1314 3829 aevi.
1361 3767 1436 3830 Illa

137 3887 273 3940 autem
296 3878 540 3940 vetustiora
569 3878 823 3941 scholiorum
851 3879 1163 3959 compositores
1190 3877 1436 3958 plerumque

139 4007 217 4050 non
241 4006 288 4048 ex
311 3986 828 4068 ipsisAlexandrinorum
851 3987 1166 4050 commentariis
1183 3989 1435 4069 petiverunt,

137 4097 215 4158 sed
247 4115 265 4157 e
298 4071 468 4159 libellis'
491 4096 746 4178 Symmachi,
778 4097 942 4172 Phaini,
974 4096 1208 4179 Euphronii
1240 4097 1436 4161 aliorum·

138 4225 236 4286 que,
273 4206 340 4286 qui
370 4205 471 4268 illos
502 4209 834 4271 commentarios
860 4208 1120 4289 gravissima
1155 4225 1343 4288 quaeque
1366 4208 1436 4270 eli-

137 4324 285 4396 gentes
319 4315 361 4376 in
395 4318 693 4397 angustiorem
719 4317 928 4381 ambitum
966 4324 1263 4380 contraxerant
1294 4324 1335 4378 et
1366 4336 1439 4379 sua

138 4425 289 4506 ubique
311 4423 603 4508 addiderant¹).

144 4549 355 4560 ..-—----

138 4673 158 4722 Ρ
220 4599 337 4723 ⁶¹)8Csr.
359 4602 482 4652 Dindorhi
511 4603 694 4654 Praelatiouem
720 4607 746 4654 in
772 4606 900 4656 Duebneri
930 4604 1046 4654 Editione
1072 4603 1223 4654 scholiorum
1242 4603 1339 4654 Parisiis
1362 4601 1440 4666 1877.

158 4691 200 4752 lg.
243 4699 271 4711 ⁸·
292 4708 298 4720 ι
