3486 5436
794 488 812 534 2

698 563 909 574 ...n—...w—

153 686 316 770 incipiam,
340 685 394 767 qui
416 685 619 749 librariorum
646 687 808 750 erroribus
832 687 941 769 potius
965 704 1061 766 quam
1090 684 1303 765 interpretum
1325 683 1449 745 coniec-

148 797 229 859 turis
252 796 365 859 deberi
389 795 550 876 videntur,
580 817 635 859 eas
658 796 709 859 his
731 797 810 860 locis
832 803 1036 859 annotarunt.
1086 789 1184 856 Schol
1206 814 1236 854 v.
1266 809 1323 876 193
1359 790 1447 866 Τινὲς

147 903 197 970 διὰ
230 913 292 970 τοῦ
325 929 337 968 ι
370 904 463 990 ἴστην
493 905 566 988 (leg.
599 895 709 988 ᾔστην.
744 903 891 984 Porson.)
922 899 996 967 ἀντὶ
1027 911 1087 968 τοῦ
1115 895 1239 985 ᾔδεσαν.
1277 901 1448 967 τουτέστιν

147 1011 242 1080 οὐδὲν
272 1008 390 1098 ᾔδεσαν
420 1013 483 1100 ἔξω
515 1022 576 1081 τοῦ
606 1012 746 1078 δάκνειν.
781 1005 801 1098 ἢ
838 1009 915 1077 άντῖ
940 1021 1000 1078 τοῦ
1031 1005 1121 1097 ἦσαν.
1153 1011 1324 1078 τουτέστιν
1356 1010 1450 1077 οδδὶν

149 1119 228 1191 ἄλλο
252 1121 335 1210 ἦσαν
358 1124 378 1210 ἢ
401 1126 549 1202 δάκνειν;
573 1126 592 1190 i.
615 1143 641 1185 e.
668 1121 731 1186 Alii
754 1121 817 1204 legi
841 1122 954 1186 volunt
973 1116 1076 1207 ἤστην
1098 1123 1279 1186 derivatum
1302 1122 1344 1185 ab
1366 1117 1445 1196 οῖδα,

149 1235 200 1298 alii
223 1232 328 1320 ἤστην
350 1235 533 1300 derivatum
558 1233 600 1298 ab
620 1233 690 1316 εἰμλ.
716 1269 757 1280 -
784 1232 890 1298 Schol.
915 1254 944 1295 v.
971 1251 988 1296 2
994 1231 1063 1318 3:¹)
1089 1232 1177 1308 Τινὲς
1200 1232 1233 1298 δὲ
1256 1232 1450 1316 γράφουσιν,

150 1341 224 1410 οὐδὲ
259 1341 279 1429 ἡ
313 1343 451 1430 κορώνη.
499 1381 542 1393 —-
587 1342 695 1410 Schol.
729 1365 758 1408 v.
795 1348 875 1422 348:
919 1342 1089 1426 Γράφεται
1123 1344 1178 1407 καὶ
1212 1342 1339 1426 ῥάμφει,
1371 1337 1451 1426 ὅπερ

149 1455 289 1536 βέλτιον.
315 1454 441 1538 ῥάμφος
463 1453 525 1540 γάρ
547 1453 601 1520 ἐπὶ
630 1451 753 1536 ὀρνέου.
785 1452 838 1517 ἐπὶ
867 1453 900 1517 δὲ
921 1455 1033 1537 χοίρου
1056 1452 1178 1540 ῥύγχος.
1207 1489 1249 1500 -
1281 1453 1388 1518 Schol.
1418 1474 1448 1519 v.

150 1568 231 1646 645:
258 1563 425 1650 Γράφιται
449 1567 503 1630 καὶ
528 1566 680 1649 Θρὶηθεν.
707 1561 815 1628 Schol.
839 1583 868 1626 v.
893 1579 974 1644 417:
999 1563 1168 1648 Γράφεται
1191 1563 1245 1627 καὶ
1261 1563 1332 1646 δίχα
1354 1571 1414 1629 τοῦ
1436 1586 1448 1625 ι

152 1678 182 1759 [i.
195 1698 223 1740 e.
249 1671 334 1760 δρα],
357 1671 410 1740 ἵνα
432 1665 452 1758 ᾗ
476 1672 729 1760 προστακτικδν.
755 1673 913 1758 γράφεται
936 1673 969 1738 δὲ
992 1675 1045 1738 καὶ
1062 1671 1144 1758 μετά
1167 1682 1227 1739 τοῦ
1244 1696 1255 1736 ι
1273 1675 1306 1759 [i.
1320 1695 1348 1737 e.
1366 1669 1448 1762 δρᾷ],

152 1782 205 1852 ΐνα
236 1776 256 1870 ᾗ
286 1785 539 1871 ἐρωτηματικδν.
572 1823 611 1834 --
648 1784 756 1851 Schol.
789 1805 818 1851 v,
855 1787 957 1864 1508:
988 1779 1039 1850 Ίδν
1069 1795 1138 1860 τοῖς
1157 1784 1332 1859 heraliae
1354 1775 1451 1867 εδρον

154 1897 301 1962 σκιάδιον
322 1898 378 1960 καὶ
400 1895 436 1961 ἐν
458 1900 508 1980 τῷ
529 1898 661 1978 παλαιῷ
684 1897 734 1978 τῷ
756 1892 831 1978 ἐμῷ.
858 1931 900 1942 -
924 1893 1033 1958 Schol.
1056 1915 1086 1961 v.
1116 1898 1216 1973 1480:
1234 1887 1306 1960 “Orc
1328 1891 1364 1960 ἔν
1387 1910 1451 1959 τισι

155 2004 197 2074 τὰ
229 2005 289 2072 δύο
321 2009 414 2091 κῷλα
448 2003 483 2071 ἓν
510 2005 598 2083 ἐστι,
634 2005 719 2089 λέγω
754 2002 823 2070 άπδ
853 2013 976 2082 ,,τοῦτο
1012 2005 1045 2070 δὲ
1079 2012 1256 2089 χειμῶνος“
1293 2001 1354 2080 ἕως
1392 2012 1452 2071 τοῦ

156 2121 404 2204 ,φυλλορροεσῆ
433 2154 476 2164 —-
507 2115 615 2180 Schol.
647 2136 677 2178 v.
712 2123 793 2193 809:
819 2107 874 2180 Ἑν
904 2132 990 2180 τισιν
1013 2110 1092 2181 δ’λον
1114 2112 1160 2194 ἓν,
1183 2113 1219 2180 ἐν
1240 2114 1337 2190 ἐνίοις
1358 2114 1392 2179 δε
1412 2113 1453 2180 τδ

157 2223 235 2312 ,ἄγε
258 2227 322 2311 W
343 2235 403 2292 τοῦ
426 2224 557 2303 ἔποπος.
609 2227 700 2308 Quas
730 2227 960 2294 annotationes
990 2226 1138 2290 videmus
1169 2246 1242 2288 cum
1272 2245 1360 2288 raras
1382 2245 1452 2288 esse

156 2349 224 2402 tum
247 2337 364 2402 nullius
391 2337 458 2400 sere
485 2338 589 2420 pretii.
635 2337 683 2399 lta
713 2338 799 2400 enim
822 2336 978 2400 lectiones
1008 2338 1194 2408 afferuntur,
1219 2344 1255 2399 ut
1276 2336 1363 2399 nullo
1385 2335 1453 2398 sere

157 2449 229 2514 loco
251 2447 452 2519 diiudicetur.
476 2467 561 2530 quae
584 2447 680 2510 lectio
702 2446 915 2529 praeferenda
935 2447 986 2522 sit,
1011 2465 1212 2530 quamquam
1224 2445 1288 2510 hoc
1308 2445 1452 2528 plurimis

158 2557 235 2621 locis
258 2553 408 2620 facillime
431 2557 498 2620 sieri
522 2563 643 2640 potest.
667 2557 755 2620 velut
776 2578 805 2622 v.
831 2570 906 2635 417,
932 2557 987 2622 ubi
1009 2557 1105 2622 lectio
1129 2551 1189 2640 δρα
1220 2555 1307 2620 nulla
1330 2557 1453 2619 ratione

159 2677 268 2752 potest
301 2668 473 2748 explicari,
506 2668 565 2730 vel'
591 2688 621 2728 v.
647 2670 720 2745 809,
744 2667 798 2730 ubi
822 2667 899 2730 illud
923 2662 981 2752 ἄγε
1003 2668 1042 2751 δή
1065 2688 1193 2751 upupae
1216 2666 1357 2735 tribuere
1381 2686 1453 2730 eam

161 2778 204 2842 ob
228 2797 360 2840 causam
394 2797 583 2858 perversum
606 2786 672 2851 est,
706 2778 794 2860 quod
826 2786 903 2860 post
925 2778 1123 2860 parabaseos
1145 2797 1257 2840 versus
1279 2776 1456 2858 676-800

159 2908 288 2970 upupae
327 2871 390 2950 iam
423 2887 510 2951 nullo
544 2889 618 2951 loco
656 2885 692 2948 rit
728 2889 860 2952 mentio.
904 2887 1020 2970 Neque
1050 2889 1092 2950 ad
1119 2863 1154 2948 vs
1175 2889 1238 2967 348
1267 2884 1357 2967 quod
1384 2887 1452 2948 avis

157 3007 297 3061 rostrum
321 2998 456 3080 ῥάμφος,
482 2999 547 3060 suis
571 2997 686 3080 ῥύγχος
701 2997 854 3080 appellari
870 3006 1024 3071 statuunt,
1050 3008 1137 3060 recte
1154 3016 1226 3060 sese
1242 2997 1351 3069 habet.
1376 3016 1451 3059 cum

159 3109 228 3171 avis
263 3117 402 3170 rostrum
437 3107 554 3191 ῥύγχος
587 3108 786 3190 appellatum
826 3108 956 3192 saepius
997 3108 1175 3170 inveniatur
1190 3108 1222 3184 λ).
1269 3105 1377 3186 Quam
1407 3105 1451 3168 ob

160 3237 225 3280 rem
254 3219 397 3280 maxime
427 3218 595 3300 probabile
623 3228 681 3294 est,
707 3219 796 3303 quod
826 3219 867 3280 de
889 3219 1050 3282 eiusmodi
1078 3216 1208 3280 scholiis
1231 3213 1454 3299 Dindorfius⁸l

159 3329 285 3404 statute
313 3329 372 3391 De
403 3330 641 3412 scripturae
675 3329 928 3392 diversitate
967 3348 1074 3409 quae
1105 3333 1305 3390 annotata
1338 3325 1452 3389 vide·

160 3459 260 3513 mus,
285 3439 500 3500 maximam
525 3448 684 3523 partem
707 3440 754 3501 ad
777 3438 1267 3520 librariorumspectant
1289 3456 1453 3499 errores

159 3569 238 3614 uno
260 3547 455 3611 alterove
485 3549 523 3610 in
554 3547 700 3610 codice
722 3559 916 3632 repertos
939 3559 980 3612 et
1009 3559 1093 3611 tum
1124 3548 1283 3611 demum
1312 3546 1453 3610 addita

158 3658 369 3731 videntur,
395 3679 513 3739 quum
545 3658 712 3721 scholia
742 3680 788 3720 ex
811 3659 993 3722 diversis
1024 3656 1240 3721 codicibus
1270 3655 1454 3719 collecta

157 3769 196 3831 in
221 3788 344 3830 unum
369 3769 523 3850 cbrpus
545 3769 873 3851 redigerentur⁴·.
921 3768 1004 3832 Sunt
1026 3788 1111 3854 vero
1126 3767 1187 3830 alia
1208 3765 1345 3840 scholia,
1370 3785 1454 3848 quae

158 3878 309 3941 codicum
331 3878 489 3959 scriptura
513 3878 544 3940 in
567 3879 786 3960 suspicionem
809 3889 925 3942 vocata
947 3881 1148 3943 coniecturas
1171 3885 1283 3960 aperte
1306 3877 1451 3952 afferunt,

158 3988 247 4051 velut
267 3987 356 4052 adv.
378 4003 389 4048 ι
398 3987 459 4064 562
484 4007 559 4069 sqq:
591 3976 672 4075 inr'
695 3981 817 4070 ἀνῆλθ’
838 3981 930 4070 αὐτῷ
951 3984 1109 4051 κάτωθεν
1132 3985 1236 4070 πρὸς
1258 3985 1308 4051 τδ
1330 3991 1454 4070 λαῖμα

156 4103 218 4181 τῆς
249 4097 397 4179 καμήλου
428 4099 606 4180 Χαιρεφῶν
635 4092 655 4182 ἡ
686 4098 847 4182 νυκτερίς,
881 4096 935 4159 ubi
970 4097 1046 4159 illud
1078 4099 1173 4180 λαλμα
1210 4107 1266 4160 aut
1300 4096 1376 4160 nihil
1406 4107 1455 4161 est

155 4211 252 4292 (quae
275 4216 325 4269 est
340 4205 458 4268 Koclrii
480 4208 651 4290 sententia)
673 4216 730 4270 aut
752 4206 838 4269 idem
856 4205 1017 4288 significat
1038 4207 1127 4288 quod
1152 4210 1247 4292 λῆμα,
1271 4209 1298 4270 si
1322 4207 1453 4288 quidem

156 4317 352 4380 scholiastae
381 4317 488 4380 verbis
516 4317 597 4382 fides
627 4317 863 4382 habendaest:
900 4313 938 4382 Ol
968 4316 1002 4380 δὲ
1038 4311 1163 4402 δρμρμα
1191 4315 1232 4381 τὸ
1260 4319 1375 4400 λαῖμα,
1406 4314 1454 4382 ἔτι

271 4494 287 4564 ¹)
307 4497 357 4548 Ubi
376 4497 521 4546 scholiastes
538 4497 614 4562 legit:
632 4493 679 4561 ἧδ’
696 4492 710 4560 ἡ
731 4491 839 4564 κορώνη
851 4495 912 4546 κτλ.

266 4583 287 4651 ²)
307 4585 359 4636 Cir.
380 4583 461 4635 Koclr.
478 4585 518 4634 ad.
537 4587 563 4636 h.
581 4603 604 4637 v.
624 4595 709 4638 annot.

267 4672 287 4742 ¹)
308 4675 388 4725 Dind.
407 4675 510 4741 praelat.
530 4676 588 4727 edit.
610 4677 687 4727 schol.
707 4694 732 4742 p,
752 4675 796 4726 1x.
