3486 5436
930 513 945 581 5

835 593 1047 604 *—

290 708 395 796 έρώτα
415 707 458 778 τό
481 711 564 797 πρὸς
597 713 708 778 ποδῶν
738 730 797 780 σου
825 709 931 801 ὄρνεα,
954 715 981 779 εἰ
1008 713 1125 794 βούλει,
1156 715 1230 800 περὶ
1258 711 1343 800 ἐμοῦ.
1376 705 1488 800 ἢάπό
1518 719 1590 781 τῶν

291 822 402 887 ποδῶν
424 817 515 906 ἡμῶν
538 818 588 889 ότι
612 820 707 910 όρνεα
730 823 833 909 ἐσμὲν,
857 823 1018 908 μα’νδανε,
1043 835 1129 890 recte
1151 827 1275 890 dicitur.
1301 828 1456 908 quoniam
1478 845 1586 907 neque

291 934 408 1007 avium,
433 955 517 1014 quae
540 955 670 1020 upupae
692 957 786 998 servo
809 937 893 1021 πρὸς
916 937 1028 1001 ποδῶν
1051 957 1122 1000 esse
1143 938 1277 1019 possint,
1303 937 1355 1000 illo
1379 936 1452 999 loco
1484 935 1586 997 ullum

292 1043 442 1106 indicium
467 1055 573 1108 exstat
595 1067 700 1127 neque
722 1056 866 1131 apparet,
892 1067 956 1129 qua
978 1048 1103 1110 ratione
1117 1039 1283 1128 Euelpidis
1307 1057 1339 1110 et
1354 1045 1584 1138 Peithetaeri1)

292 1156 393 1234 pedes
415 1175 472 1217 eos
496 1176 571 1217 aves
595 1175 666 1218 esse
690 1157 910 1221 demonstrare
933 1159 1066 1239 possint.
1112 1156 1205 1238 Quae
1236 1177 1309 1220 cum
1334 1158 1378 1219 ita
1405 1156 1477 1229 sint,
1500 1154 1583 1220 haec

291 1265 398 1339 verba,
424 1285 507 1347 quae
531 1267 567 1328 iis
589 1267 728 1329 obscura
743 1267 936 1340 viderentur,
961 1268 1056 1330 variis
1077 1267 1269 1330 coniecturis
1286 1265 1458 1329 emendare
1474 1263 1584 1326 studu-

292 1385 398 1438 erunt:
436 1374 602 1459 Γρόφεται
637 1377 691 1440 καὶ
722 1376 786 1461 μὴν
816 1376 920 1461 ἐρώτα
949 1376 1032 1461 πρός
1059 1377 1180 1453 ποδῶν,
1211 1371 1262 1442 ότι
1290 1375 1497 1460 σαφέστερον.
1528 1374 1583 1438 καὶ

290 1485 374 1569 τάχα
396 1481 439 1550 ἂν
460 1484 509 1570 εἴη
531 1483 616 1551 κατὰ
639 1486 701 1570 τὴν
722 1484 867 1552 παλαιόν
898 1490 1055 1572 δημοσίαν
1083 1485 1301 1573 γεγραμμένον
1330 1485 1370 1551 τό
1400 1481 1476 1568 έρου
1504 1480 1580 1568 έρω,

289 1596 480 1680 μετελήφθη
502 1595 534 1660 δὲ
556 1595 601 1671 εἰς
622 1596 662 1661 τό
684 1617 728 1673 ω,
751 1617 833 1678 quae
848 1599 1023 1661 litterarum
1041 1599 1188 1672 mutatio,
1214 1618 1297 1682 quae
1320 1616 1397 1659 sane
1421 1605 1470 1658 est
1491 1593 1580 1656 levis·

235 1759 242 1769 .
290 1707 381 1778 sima,
406 1716 493 1769 certe
516 1708 557 1769 ad
580 1727 654 1770 eum
677 1706 775 1769 finem
800 1708 886 1772 facta
909 1718 967 1782 est,
994 1720 1028 1771 ut
1044 1709 1203 1772 sententia
1218 1708 1281 1770 iarn
1297 1726 1397 1789 supra
1413 1705 1580 1789 exposita:

291 1813 358 1882 ἀπὸ
378 1823 447 1880 τῶν
469 1817 581 1882 ποδῶν
604 1813 705 1901 ἡμῶν,
736 1811 786 1882 ότι
816 1814 914 1902 όρνεοί
941 1817 1046 1900 έσμεν,
1076 1793 1237 1901 μάνθανε,
1269 1818 1413 1897 apertius
1445 1816 1582 1878 eveniat.

293 1928 478 2011 Sequuntur
499 1928 610 1992 scholii
635 1929 715 1991 haec
738 1930 852 1995 verba:
872 1921 925 1993 Ἔν
947 1945 1011 1993 τισι
1039 1927 1072 1992 δε
1102 1927 1271 2011 γράφεται,
1301 1927 1356 1989 καὶ
1385 1924 1450 2008 μὴν
1476 1921 1583 2007 ἐρώτα

292 2039 374 2124 πρὸς
408 2041 511 2104 τίνων
544 2031 564 2124 ἢ
598 2040 651 2102 καὶ
684 2033 782 2116 οὕτω,
820 2040 874 2103 καὶ
905 2039 969 2123 μὴν
1000 2034 1107 2121 ἐρώτα
1142 2035 1225 2121 πρὸς
1259 2038 1375 2112 ποίων,
1418 2030 1493 2098 ἀντὶ
1523 2041 1584 2096 τοῦ

291 2146 375 2231 πρὸς
405 2149 508 2213 τίνων
539 2146 632 2230 ε’σμὲν
665 2145 790 2232 ὀρνέων
823 2147 928 2232 ἐρώτα
959 2151 1013 2213 καὶ
1047 2150 1110 2213 τίσι
1143 2147 1356 2232 προσήκομεν.
1406 2143 1472 2208 Sed
1495 2144 1581 2206 hanc

289 2259 482 2322 sententiam
507 2276 612 2337 neque
634 2259 665 2320 in
689 2261 861 2322 verborum
884 2269 1074 2322 contextum
1097 2259 1253 2344 quadrare
1277 2275 1382 2337 neque
1406 2273 1479 2317 cum
1509 2272 1579 2335 par·

289 2369 385 2433 ticula
408 2370 462 2433 καὶ
484 2369 549 2453 μήν
571 2370 665 2453 (quae
689 2380 745 2432 aut
769 2368 1015 2430 affirmationem
1044 2377 1100 2429 aut
1123 2368 1364 2449 oppositionem
1388 2363 1549 2445 significat
1559 2366 1585 2444 ²)

291 2480 462 2568 convenire
486 2481 549 2541 iarn
573 2480 652 2542 alius
682 2481 837 2561 interpres
867 2479 1007 2543 monuit:
1034 2470 1119 2542 Ἔστι
1153 2476 1186 2540 δε
1215 2475 1254 2540 τό
1284 2470 1363 2539 όλον
1392 2472 1490 2557 λόγον
1521 2469 1582 2536 αόκ

290 2585 364 2671 ἔχον
387 2589 441 2652 καὶ
464 2584 512 2653 ἔτι
535 2587 574 2653 τό
596 2591 649 2653 καὶ
672 2588 736 2673 μὴν
759 2585 902 2673 ἀκαίρως
925 2584 1014 2650 έσται
1036 2586 1216 2670 λεγόμενον.
1242 2621 1283 2632 -
1305 2586 1364 2650 His
1388 2604 1471 2668 quae
1491 2583 1583 2645 attuli

291 2698 448 2779 exemplis
468 2699 533 2776 'iarn
551 2700 627 2760 satis
645 2699 883 2762 demonstrasse
900 2697 977 2759 mihi
999 2699 1111 2759 videor
1126 2697 1212 2760 haud
1236 2717 1308 2760 raro
1330 2696 1420 2758 locos
1437 2696 1583 2774 integros

291 2817 324 2870 et
339 2810 542 2893 incorruptos
566 2810 608 2871 ab
630 2809 859 2890 interpretibus
882 2808 1046 2870 veteribus
1069 2807 1155 2870 salsis
1171 2808 1363 2870 coniecturis
1387 2808 1583 2890 depravatos

291 2937 371 2980 esse.
418 2919 526 2981 Locos
550 2938 657 2980 rursus
686 2939 720 2980 re
754 2939 830 2980 vera
859 2926 1028 2999 corruptos
1058 2918 1183 2979 mendis
1214 2938 1278 2980 non
1308 2919 1445 3000 cognitis
1474 2917 1585 2997 inepte

292 3037 324 3090 et
355 3049 507 3110 perverse
542 3028 752 3112 explicarunt,
783 3029 870 3090 velut
898 3047 1009 3090 versus
1047 3029 1104 3107 167
1136 3048 1214 3108 sqq:
1228 3083 1233 3091 .
1249 3023 1376 3092 Αὐτίκα
1406 3024 1473 3090 ἐκεῖ
1503 3019 1582 3108 παρ’

289 3132 366 3222 ἡμῖν
382 3138 461 3213 τόυς
482 3138 678 3221 πετομένους
699 3131 740 3223 ἢν
762 3135 827 3222 ἐ’ργγ,
846 3139 896 3212 τίς
912 3132 1001 3220 όρνις
1024 3128 1136 3212 οὗτος
1167 3132 1185 3200 ό
1210 3137 1323 3211 Τελέας
1345 3135 1411 3220 ἐρεῖ
1426 3136 1497 3200 ταδί
1510 3139 1580 3199 κτλ.

292 3248 410 3321 Verba,
436 3269 519 3329 quae
542 3269 640 3330 quarn
656 3251 796 3313 maxime
813 3259 965 3331 corrupta
980 3246 1092 3331 sunt³)‚
1107 3246 1308 3320 scholiastae,
1332 3248 1387 3328 qui
1404 3248 1521 3310 menda
1544 3266 1585 3308 ne

290 3358 492 3441 suspicantur
517 3361 657 3440 quidem,
689 3360 751 3422 hoc
776 3359 875 3422 modo
904 3360 1168 3440 interpretantur:
1204 3356 1296 3441 Λέγει
1324 3356 1356 3420 δὲ
1379 3351 1440 3435 ότι,
1468 3353 1508 3439 ἢν
1533 3377 1585 3430 τις

288 3465 435 3551 ἐρωτήσῃ
451 3469 525 3551 περὶ
543 3476 612 3533 τῶν
630 3469 829 3553 πετομένων,
845 3471 895 3544 τίς
917 3465 1006 3554 όρνις
1023 3461 1130 3545 οὗτος,
1146 3463 1166 3531 ό
1181 3467 1295 3542 Τελέας
1305 3465 1371 3552 έρεῑ
1387 3476 1492 3532 ταῦτα
1509 3468 1583 3543 κτλ,

290 3597 354 3658 qua
365 3580 525 3641 sententia
537 3581 621 3642 nulla
632 3589 742 3662 potest
762 3601 831 3642 esse
843 3583 1031 3662 perversior.
1051 3579 1163 3659 Neque
1178 3580 1219 3641 ad
1236 3598 1298 3643 vss.
1318 3594 1399 3657 1149
1412 3598 1490 3659 sqq:
1508 3570 1584 3641 ’lvo

288 3685 321 3750 δε
339 3685 399 3751 τὸν
418 3681 593 3772 ὑπαγωγέα
615 3689 759 3755 ἐπέτοντ’
782 3687 910 3772 έχονσαι
929 3691 1071 3755 κατόπιν
1090 3682 1198 3772 ὥσπερ
1215 3688 1326 3752 παιδία
1344 3687 1405 3753 τόν
1423 3686 1530 3772 πηλόν
1548 3685 1585 3750 ἐν

290 3809 358 3872 τοῖς
374 3795 529 3882 στόμασιν
543 3797 576 3862 αἱ
593 3800 754 3882 χελιδόνες
777 3803 859 3864 inter
874 3799 1016 3865 κατόπιν
1030 3811 1063 3863 et
1084 3794 1194 3881 ὥσπερ
1216 3799 1368 3860 nonnulla
1383 3799 1482 3860 verba
1499 3799 1582 3860 exci-

290 3908 375 3970 disse
388 3912 411 3993 4)
437 3909 631 3972 scholiastae
662 3921 894 3992 cognoverunt.
943 3911 1025 3974 Nam
1057 3925 1254 3995 quamquam
1285 3911 1413 3976 dicunt:
1447 3905 1584 3988 ἀσαφῶς

291 4015 384 4101 λέγει,
407 4029 515 4082 tamen
539 4021 580 4082 de
604 4023 728 4084 mendis
752 4021 853 4083 securi
878 4024 923 4084 ita
947 4032 1104 4102 pergunt:
1134 4019 1226 4103 Λέγει
1248 4018 1311 4103 γὰρ
1333 4017 1392 4093 τὰς
1414 4018 1583 4101 χελιδόνας

287 4127 347 4193 τόν
372 4123 544 4212 ὑπαγωγέα
565 4129 617 4195 ἐπὶ
642 4139 710 4196 τῶν
732 4127 832 4215 ὤμων
854 4129 956 4207 αὐτός
988 4134 1139 4215 κομίζειν,
1169 4129 1230 4195 τόν
1260 4130 1293 4194 δὲ
1322 4127 1430 4213 πηλόν
1451 4125 1487 4191 ἐν
1514 4143 1584 4206 τοῖς

289 4237 433 4321 στόμασι.
457 4241 510 4303 καὶ
532 4249 659 4305 ποιοῦσι
681 4251 789 4320 τοῦτο,
814 4238 894 4308 όταν
915 4241 975 4318 τὰς
997 4239 1143 4317 νεοσσιὰς
1165 4219 1463 4323 κατασκευοίζωοιν.ι
1484 4243 1518 4322 (l)
1542 4279 1582 4290 -

289 4348 411 4412 Versus
439 4351 522 4432 1680
551 4371 621 4432 sqq,
654 4352 766 4435 quales
795 4362 869 4415 sunt
898 4355 930 4415 in
959 4353 1125 4415 codicibus
1156 4348 1214 4415 Μὰ
1236 4349 1297 4415 τὸν
1320 4348 1379 4428 Δί’,
1401 4347 1460 4434 οὐχ
1483 4342 1582 4426 οὗτός

292 4473 503 4486 m

398 4523 417 4594 ¹)
435 4527 628 4594 Peithctaerum,
648 4547 698 4580 non
718 4532 911 4581 Peisthetaerum
936 4532 1095 4581 scribendum
1119 4547 1171 4579 esse
1197 4531 1310 4580 Kockius
1329 4547 1387 4595 pag.
1408 4528 1442 4589 48
1461 4530 1586 4594 exposuit.

398 4616 418 4687 ²)
439 4619 489 4670 Cir.
508 4623 602 4688 Krueg.
623 4623 739 4672 Gramm:
755 4623 797 4672 Gr.
818 4624 837 4686 1,
857 4621 874 4690 ἓ
893 4624 934 4686 69,
957 4637 999 4688 39,
1023 4636 1043 4671 1.

405 4711 424 4781 'J
444 4714 579 4777 Quomodo
597 4717 755 4766 emendanda
772 4717 828 4778 sint,
847 4717 942 4782 optime
960 4715 1062 4781 exponit
1080 4713 1193 4764 Kockius
1212 4714 1252 4768 ud.
1271 4715 1296 4764 h.
1316 4730 1338 4762 v.

403 4801 424 4872 ⁴)
444 4805 484 4855 De
501 4806 550 4856 hac
567 4823 594 4858 re
611 4809 654 4862 cfr.
672 4809 765 4860 Kockii
782 4821 867 4862 annot.
