3486 5436
750 489 789 537 22

665 563 876 576 -ι-ιηι--μ

8 731 9 748 r
125 683 235 748 instit.
284 687 411 750 Revera
434 686 519 749 enim
542 687 676 752 Orestes
697 690 779 754 latro
801 699 886 763 erat,
921 690 977 771 qui
1006 689 1149 752 viatores
1179 697 1279 751 noctu
1315 689 1421 772 oppri·
1441 733 1457 754 ,τ
1557 673 1560 680 ’

126 797 242 860 mebat
265 805 299 859 et
327 797 478 860 omnibus
509 798 605 861 rebus
635 799 804 883 spoliabat.
852 801 961 864 Verba
990 798 1071 862 haec
1094 808 1185 868 sunt:
1217 791 1303 864 ”liner
1327 799 1353 862 δ’
1379 791 1422 864 αὖ

124 905 219 992 χώρα
243 905 328 990 πρδς
359 903 451 992 αὐτῷ
481 912 531 992 τῷ
559 904 669 994 σκότῳ
696 909 812 995 πόρρω
839 933 892 985 τις
913 909 949 976 ἐν
970 913 1013 993 τῇ
1042 908 1173 993 λύχνων
1193 905 1314 998 ἐρημίᾳ,
1339 906 1424 974 ἔνθα

125 1030 200 1094 τοῖς
219 1013 344 1102 ἥρωσιν
367 1011 541 1102 ἄνθρωποι
562 1027 777 1104 ξυναριστῶσι
799 1021 853 1086 καὶ
876 1020 997 1101 ξύνεισι
1021 1018 1110 1102 πλην
1131 1032 1183 1096 τῖς
1198 1013 1346 1103 ἑσπέρας.
1369 1043 1423 1106 τη-

128 1136 272 1194 νικαῦτα
294 1128 320 1193 δ’
345 1124 450 1194 οὐκέτ’
476 1122 517 1214 ίγν
546 1124 690 1211 ἀσφαλὲς
712 1131 955 1215 ξυντυγχάνειν.
981 1129 1008 1194 εί
1031 1127 1095 1214 γὰρ
1122 1129 1251 1213 ἐντύχοι
1279 1153 1330 1206 τις
1352 1123 1424 1216 ἥρῳ
1519 1211 1520 1218 χ
1579 1205 1581 1220 ,
1626 1127 1633 1134 ’

125 1246 199 1305 τῶν
228 1242 358 1321 βροτῶν
388 1238 520 1322 νύκτωρ
552 1234 689 1325 Ὀρέστη,
724 1241 846 1325 γυμνὸς
877 1235 917 1327 ἦν
948 1241 1082 1326 πληγείς
1103 1234 1160 1306 ὑπ’
1183 1236 1287 1305 αὐτοῦ
1309 1240 1433 1306 πάντα.

126 1345 307 1432 τάπιδέξια.
352 1348 558 1431 Quamquam
588 1351 746 1415 scholium
775 1352 851 1415 huic
873 1352 946 1414 loco
977 1351 1154 1434 ascriptum
1183 1350 1278 1412 valde
1309 1369 1438 1414 eorru·¹
1553 1373 1557 1380 ·

126 1470 223 1543 ptum
247 1469 281 1523 et
303 1460 475 1523 obscurum
500 1469 558 1534 est,
582 1469 695 1525 tamen
718 1461 925 1525 scholiastam
948 1462 1055 1524 iocum
1079 1471 1165 1524 recte
1187 1461 1372 1543 percepisse
1395 1462 1422 1523 is

127 1569 222 1633 secile
256 1569 397 1644 videbit,
433 1570 487 1652 qui
523 1571 651 1652 singula
684 1573 848 1654 respiciet:
876 1561 985 1656 ἷίίρωα
1019 1568 1123 1637 αὐτόν
1156 1589 1236 1656 φησι
1271 1568 1325 1635 διὰ
1359 1570 1422 1655 τὴν

126 1675 321 1763 ὁμωνυμίαν
344 1679 405 1764 τὴν
435 1679 519 1763 πρὸς
545 1677 774 1766 Ἀγαμέμνονος
797 1680 871 1747 υίὸν
901 1678 1057 1767 Ὀρέστην.
1092 1679 1122 1749 oi
1151 1676 1255 1765 ἥρωες
1289 1680 1323 1746 δε
1352 1681 1423 1745 δυσ-

126 1789 262 1874 δργητοι
299 1791 354 1854 καί
386 1791 522 1873 χαλεπαὶ
556 1805 626 1867 τοῖς
648 1787 877 1876 ’ἐμπελάζουσι
913 1794 1060 1876 γίνονται
1096 1839 1421 1856 .............

127 1895 198 1966 οὐδ’
233 1895 359 1985 ἥρωσιν
390 1897 435 1974 είς
472 1909 571 1966 τοῦτο
612 1901 771 1984 δύναμιν,
810 1898 906 1967 ἀλλ’
950 1899 1301 1982 ἀποπλήκτους
1343 1901 1425 1984 μὲν

128 2023 268 2078 ποιεῖν
302 2009 505 2076 δύνανται
536 2058 654 2077 ......
686 2007 706 2078 o‘
736 2010 769 2078 δὲ
800 2008 946 2098 Ὀρέστης
979 2009 1183 2096 λωποδύτης.
1220 2045 1263 2058 -
1301 2011 1423 2075 Peithe-

126 2131 237 2184 taerus
268 2130 302 2184 et
331 2121 505 2204 Euelpides
533 2139 554 2184 a
586 2122 640 2185 via
669 2124 712 2185 ad
746 2143 823 2186 aves
856 2123 980 2187 serente
1012 2123 1251 2186 aberraverunt.
1305 2119 1424 2204 Quam]

133 2232 179 2294 ob
202 2251 272 2294 rem
296 2231 471 2314 Euelpides
495 2233 527 2295 in
551 2233 807 2296 exsecrationem
832 2234 934 2301 illam:
962 2232 1021 2310 ίίίς
1044 2232 1187 2317 κόρακας
1209 2231 1283 2317 [cfr.
1309 2251 1337 2297 v.
1357 2249 1423 2312 990

130 2342 243 2404 iocans
274 2341 433 2405 exclamat
455 2363 486 2410 v.
511 2345 656 2424 27-28:
693 2342 800 2408 Ceteri
828 2344 978 2408 homines
1012 2343 1190 2407 invitissimi
1213 2341 1259 2417 είς
1280 2337 1425 2427 κόρακας

127 2453 268 2529 abeunt;
304 2474 364 2516 nos
387 2454 440 2534 qui
463 2455 552 2516 omni
575 2453 684 2516 studio
707 2453 951 2528 contendimus,
982 2463 1018 2518 ut
1040 2451 1085 2529 είς
1108 2452 1253 2536 κόρακας
1277 2455 1426 2533 perveni·

129 2581 240 2636 amus,
270 2563 357 2626 viam
387 2564 527 2646 reperire
558 2557 623 2626 non
647 2583 829 2643 possumus.
882 2564 998 2628 Nonne
1020 2564 1085 2627 hoc
1109 2562 1295 2626 incredibile
1317 2572 1369 2624 est
1393 2573 1427 2626 et

130 2671 329 2734 inauditum?
352 2672 549 2738 Scholiastes
572 2675 715 2738 breviter
736 2674 869 2756 quidem
892 2676 951 2738 sed
973 2684 1061 2738 recte
1084 2675 1148 2737 hoc
1171 2682 1323 2739 annotat:
1347 2674 1425 2738 Παί·

131 2789 177 2866 ζει
202 2781 271 2848 ἐπεὶ
293 2782 339 2858 είς
360 2781 403 2849 τὰ
426 2780 523 2868 ὄρνεα
544 2783 696 2862 βούλεται
719 2781 886 2850 ἀπελθεῖν.
913 2823 955 2836 --
978 2785 1021 2852 V.
1040 2787 1081 2865 38
1105 2780 1202 2867 Παρὰ
1225 2782 1424 2865 προσδοκίαν

131 2893 308 2974 Euelpides
325 2895 402 2957 dicit
417 2895 666 2958 Atheniensium
683 2897 797 2959 urbem
813 2916 884 2959 esse
897 2902 976 2960 πᾶσι
991 2893 1340 2979 κοινὴν-ἐναποτίσοιι
1352 2893 1424 2976 χρή·

129 3026 227 3086 ματα.
254 3003 453 3068 Scholiastae
469 3007 569 3068 verba
592 3005 673 3067 haec
689 3015 781 3071 sunt:
804 3004 890 3088 Hap’
913 3001 1074 3070 ὑπόνοιαν
1095 3002 1169 3071 ἀντὶ
1189 3013 1250 3070 τοῦ
1272 3001 1425 3088 ίμβιῶναι

131 3115 188 3178 καί
202 3112 340 3179 ἐνοικεῖν
354 3110 445 3179 εἶπεν
459 3114 649 3180 ἑναποτῖσαι
667 3116 825 3200 χρήματα,
849 3114 895 3190 είς
910 3115 950 3180 τὸ
966 3114 1136 3195 φιλόδικον
1151 3121 1221 3181 τῶν
1229 3109 1425 3198 Ἀθηναίων,

132 3218 185 3288 ὅτι
215 3225 516 3308 συκοφαντωίμενοι
547 3226 666 3289 πολλοὶ
694 3222 851 3290 ἀπέτινον
877 3224 1034 3309 χρήματα.
1083 3226 1232 3305 Denique
1259 3225 1357 3286 etiarn
1386 3224 1425 3286 le·
1484 3221 1485 3226 ’

131 3335 223 3396 viora
253 3336 324 3397 ioca
353 3335 546 3398 scholiastae
578 3347 611 3399 et
639 3347 752 3418 argute
783 3335 965 3418 percipiunt
995 3344 1028 3398 et
1059 3333 1230 3416 diligenter
1259 3343 1426 3407 annotant,

131 3446 222 3509 velut
236 3448 279 3510 ad
295 3447 437 3529 Neptuni
455 3448 555 3509 verba
575 3467 603 3508 v.
627 3447 711 3525 1614
732 3445 786 3529 Νὴ
808 3444 1046 3522 τδνΠοσειδῶ,
1068 3444 1173 3510 ταῦτά
1194 3444 1232 3528 γέ
1245 3467 1296 3509 τοι
1316 3448 1427 3519 καλῶς

133 3555 236 3639 λέγεις
252 3565 338 3620 recte
354 3555 543 3620 scholiastes
559 3557 654 3621 dicit:
679 3556 742 3620 Καί
766 3555 900 3639 γελοίως
922 3553 998 3620 καθ’
1017 3549 1137 3620 ἑαυτοῦ
1159 3549 1310 3638 ὄμνυσιν;
1337 3555 1428 3618 etad

133 3665 284 3730 Herculis
305 3668 404 3730 verba
427 3689 457 3734 v.
480 3669 562 3744 1638
584 3655 768 3750 Ὦδαιμδνί
794 3662 989 3749 ἀνθρώπων
1004 3663 1181 3730 Πόσειδον;
1205 3665 1328 3746 Παίζει,
1352 3664 1427 3731 δέον

132 3777 237 3843 εἰπεῖν
257 3785 326 3844 τῶν
341 3781 438 3842 θεῶν.
478 3773 620 3862 'Saepius
637 3778 735 3840 etiarn
751 3796 801 3839 res
816 3776 1036 3839 Athenienses
1056 3775 1088 3836 in
1103 3774 1239 3837 deorum
1262 3775 1428 3838 civitatem

135 3887 269 3952 ridicule
314 3886 549 3952 transferuntur
581 3886 669 3950 velut
702 3907 732 3952 v.
775 3885 874 3964 1669,
911 3885 965 3948 ubi
999 3883 1220 3947 Peithetaerus
1255 3884 1431 3948 Herculem

134 3999 333 4079 interrogat:
374 3991 447 4081 Ὴδη
477 3998 503 4060 o'
534 3992 553 4062 ὁ
586 3996 696 4080 πατὴρ
730 3994 868 4080 εἰσήγαγ’
901 3995 934 4072 ἐς
956 3994 1034 4071 τούς
1057 3995 1222 4080 φράτερας
1229 4020 1242 4072 ,·
1263 3996 1430 4061 Scholium

132 4110 199 4173 hoc
230 4108 322 4172 dicit:
352 4107 461 4173 Πάλιν
492 4101 537 4182 ὡς
564 4105 600 4170 ἐν
629 4106 785 4194 κωμῳδίᾳ
814 4106 973 4190 μετήγαγε
1002 4103 1045 4170 τὰ
1069 4105 1253 4191 Ἀθηναίων
1284 4103 1347 4190 ἔθη
1378 4106 1431 4172 ἐπὶ

133 4217 213 4296 τούς
236 4217 344 4293 βιούς.
389 4219 418 4281 Ε
441 4218 584 4301 Neptuni
608 4219 714 4280 verbis
737 4237 767 4279 v.
798 4229 881 4296 1570
902 4205 936 4284 Ὦ
958 4216 1167 4301 δημοκρατία,
1192 4229 1250 4282 ποῖ
1271 4221 1429 4306 προβιβᾷς

134 4325 217 4414 ἡμᾶς
238 4351 320 4394 ποτε
342 4338 479 4411 apparet
508 4329 607 4390 etiam
631 4326 881 4390 Atheniensium
912 4328 1083 4409 imperium
1113 4328 1271 4411 populare
1298 4329 1363 4392 iam
1386 4328 1430 4392 ad

133 4442 215 4505 deos
247 4439 447 4504 immortales
478 4437 678 4512 ascendisse,
704 4447 801 4520 atque
833 4438 875 4500 ad
905 4438 990 4500 hunc
1019 4458 1151 4521 quoque
1179 4457 1308 4502 versum
1339 4438 1430 4503 scho-

131 4551 244 4616 liastes
267 4559 355 4613 recte
378 4556 530 4616 annotat:
551 4541 675 4632 Ἑμιξεν
700 4545 868 4633 [indigeri]
893 4541 939 4624 ὡς
961 4546 1015 4614 ἐπὶ
1035 4548 1231 4634 Ἀθηναίων.
1262 4549 1432 4614 Eiusmodi

132 4665 207 4728 ioca
229 4683 249 4724 a
263 4658 445 4724 scholiastis
467 4669 554 4723 recte
578 4668 611 4722 et
625 4667 778 4743 percepta
793 4665 827 4722 et
842 4658 1003 4742 explicata
1018 4668 1148 4724 exstant
1162 4669 1326 4733 sexcenta.
1345 4679 1430 4744 quae
