3486 5436
147 691 183 751 irr
214 691 349 754 scholio¹
372 693 433 755 sub
466 694 597 760 nomine
625 693 784 773 Antigoni
812 694 957 773 legimus,
989 702 1023 755 et
1052 713 1182 758 versum
1211 693 1391 776 Alcmanis)
1416 697 1447 757 in

145 803 424 866 commentarium
448 824 542 870 snum
565 803 801 886 transcripsisse
828 812 926 884 atque
954 804 997 866 ab
1020 789 1212 886 Euphronirl
1241 805 1447 868 scholiastam

143 913 264 975 omnia
288 913 458 996 accepisse.
507 914 605 994 Quod
629 914 654 975 si
678 934 753 977 vere
777 914 854 988 dixi,
879 914 943 976 iarn
966 924 1101 998 apparet
1125 935 1255 978 versum
1279 915 1446 978 Alcmanis

144 1023 344 1105 Euphronio
366 1045 384 1086 e
406 1024 486 1086 libro
510 1025 667 1106 Antigoni
692 1025 878 1089 innotuisse.
904 1061 946 1074 —-
967 1024 1042 1088 Alia
1064 1045 1180 1099 κατεαε,
1204 1046 1289 1106 quae
1311 1025 1448 1089 afferunt

144 1135 194 1196 de
230 1135 392 1216 poematis
427 1144 482 1196 aut
517 1136 558 1197 de
593 1142 781 1218 poematum
816 1134 905 1208 locis,
940 1135 1126 1198 coniectura
1154 1146 1282 1199 tantum
1311 1136 1449 1200 assecuti

144 1253 237 1306 sunt.
286 1244 333 1307 lta
356 1245 410 1328 qui
434 1245 466 1306 in
489 1245 614 1316 scholio
637 1267 663 1308 v.
691 1249 750 1309 281
779 1245 872 1308 dicit:
897 1244 960 1330 nn
983 1241 1027 1309 ἄν
1045 1238 1107 1310 οὖν
1130 1240 1157 1329 [ὁ
1184 1247 1364 1330 Φιλοκλῆς]
1388 1245 1449 1310 τὸν

145 1351 260 1418 ἔποπα
283 1351 541 1440 ἐσκευοποιηκὼς
572 1359 614 1438 τῇ
636 1355 826 1421 Πανδιονίδι
856 1357 1061 1444 τετραλογία,
1092 1354 1132 1440 ἣν
1153 1357 1209 1420 καὶ
1232 1347 1449 1441 [Ἀριστοτέλης

144 1463 185 1528 ἐν
209 1477 282 1539 ταις
306 1465 533 1541 Λιδασκαίίαις
555 1463 749 1550 ἀναγράφει,
779 1476 867 1530 certe
897 1465 980 1530 hanc
1009 1467 1216 1548 tetralogiam
1248 1469 1315 1530 suis
1348 1468 1449 1530 oculis

147 1593 330 1658 numquam
346 1576 435 1649 vidit,
461 1585 496 1639 ut
513 1577 715 1640 demonstrat
730 1576 839 1638 illud
863 1576 912 1660 είιγ
934 1572 978 1640 dv
999 1569 1068 1641 οὖν.
1106 1576 1229 1640 Similia
1243 1578 1393 1640 videntur
1412 1598 1450 1640 ea

146 1705 232 1756 esse,
258 1703 341 1764 quae
364 1685 514 1766 leguntur
544 1688 576 1749 in
605 1686 705 1750 schol.
730 1707 759 1749 v.
790 1703 888 1764 1242:
919 1681 968 1752 Ἐν
999 1686 1033 1750 de
1063 1700 1132 1762 τοῖς
1161 1685 1446 1771 ἐπιγεγραμμένας

135 1777 362 1860 Ἀπολλωνίου
377 1797 398 1879 ¹)
414 1804 519 1861 rariter
537 1796 727 1880 γέγραπται,
744 1791 795 1862 ὅτι
811 1791 1016 1880 ἡμίφλεκτόν
1032 1819 1106 1860 τινα
1123 1795 1243 1881 εἰσάγει
1258 1795 1303 1874 είς
1317 1797 1448 1864 τοιοῦτό

149 1928 182 1968 τι
214 1905 503 1990 κεκεραυνωμένον
534 1902 602 1970 άπὸ
632 1916 692 1991 τῆς
720 1906 942 1991 περιστάσεως
973 1905 1117 1990 ἐκείνης.
1134 1955 1140 1972 .
1156 1955 1184 1972 ..
1214 1904 1251 1971 ἐν
1279 1909 1450 1992 Λικυμνίῳ

148 2013 290 2097 ὁράματι
322 2011 503 2098 Εὐριπίδου
537 2015 674 2102 εἰσήχθη
704 2041 754 2092 τις
783 2017 1128 2101 κεραυνοβολοάμενος.
1182 2017 1265 2079 Nam
1297 2038 1371 2080 curn
1401 2017 1450 2080 his

148 2125 260 2188 verbis
274 2125 301 2186 si
317 2126 547 2190 contulerimus
564 2128 765 2210 Hesychium
782 2149 804 2189 s.
824 2149 853 2190 v.
872 2129 1065 2210 Λικυμνίαις
1079 2131 1208 2206 dotale:
1227 2130 1449 2211 Κεραυνοῦται

151 2233 216 2320 γάρ
246 2231 266 2318 ἡ
299 2244 379 2314 ναῦς
414 2243 499 2301 κατὰ
534 2237 595 2302 τὸν
629 2236 698 2302 ἐκεῖ
732 2237 839 2321 λόγον·
869 2233 928 2320 οὐχ
964 2231 1009 2314 ὡς
1043 2233 1147 2300 αὐτοῦ
1179 2245 1239 2302 τοῦ
1270 2241 1451 2321 Λικυμνίου

152 2346 437 2432 κατεσκημμίνσυ,
472 2357 559 2412 certe
594 2349 808 2410 assentiemur
840 2348 946 2410 verbis
980 2347 1116 2410 Nauckii
1150 2358 1183 2411 et
1214 2348 1449 2428 Bakhuyzenii‘:

153 2456 286 2519 ›Verba
309 2458 425 2541 partim
450 2468 601 2540 corrupta
624 2468 717 2531 sunt,
749 2460 868 2540 partim
898 2459 940 2520 ab
972 2459 1202 2542 interpretibus
1231 2459 1361 2540 scripta,
1393 2459 1448 2541 qui

150 2568 193 2628 de
216 2567 388 2648 Licymnio
411 2566 488 2630 nihil
511 2569 638 2635 scirent.
665 2567 736 2652 [cfr.
763 2568 929 2650 Bakhuyz.
953 2569 971 2631 l.
996 2568 1015 2630 l.
1039 2587 1114 2650 pag.
1139 2569 1202 2651 861.

260 2698 352 2761 Haec
374 2700 416 2763 de
439 2700 518 2772 locis
541 2700 644 2763 allatis
667 2700 832 2762 hactenns.
879 2699 947 2761 lam
964 2700 1140 2773 videamus
1166 2720 1251 2781 quae
1274 2701 1315 2763 de
1331 2702 1447 2784 poetis,

152 2809 195 2870 de
217 2815 389 2890 poetarum
413 2810 575 2893 operibns,
599 2811 641 2873 de
663 2812 771 2892 po'e'sis
796 2829 952 2890 generum
973 2810 1004 2871 vi
1026 2821 1124 2890 atque
1154 2820 1267 2872 natura
1295 2811 1449 2873 disserue-

154 2920 226 2980 rint.
274 2919 407 2982 Prorsus
429 2922 566 2983 eandem
583 2921 741 2984 rationem
765 2941 822 2985 eos
838 2921 945 2983 iniisse
967 2921 1150 2984 videbimus
1165 2930 1264 3001 atque
1288 2922 1319 2982 in
1336 2921 1450 2984 ceteris

153 3029 251 3092 rebus
275 3031 503 3094 describendis.
551 3033 626 3094 Alia
649 3053 691 3093 ex
715 3032 868 3114 operibus
901 3041 1049 3094 veterum
1079 3031 1248 3094 hominnm
1278 3031 1450 3108 doctorum

153 3145 348 3224 petiverunt,
379 3143 441 3206 alia
467 3145 652 3208 coniectura
674 3143 873 3224 collegerunt
903 3163 944 3203 ex
973 3143 1051 3223 ipsis
1074 3140 1302 3223 Aristophanis
1331 3141 1446 3203 verbis.

153 3253 244 3315 Libri
275 3273 372 3326 vero,
405 3254 460 3335 qui
492 3254 524 3320 in
553 3253 681 3316 scholiis
712 3253 753 3315 ad
777 3253 866 3314 Aves
895 3252 1048 3314 exhibitis
1071 3251 1242 3314 laudantur
1264 3252 1394 3336 proprie
1416 3252 1448 3312 in

152 3364 262 3427 studio
287 3364 462 3426 litterarum
485 3374 658 3436 versantes
683 3362 716 3424 hi
741 3372 833 3424 sunt:

261 3495 534 3559 Aristoteles.
566 3495 780 3560 Διδασκαλίαι
810 3493 981 3557 laudantur
1012 3493 1044 3556 in
1072 3493 1171 3555 schol.
1205 3514 1233 3555 v.
1267 3495 1326 3556 281
1362 3493 1448 3553 etin

153 3605 253 3672 schol.
276 3627 306 3668 v.
334 3621 426 3686 1379.

262 3734 552 3797 Dicaearchus
574 3731 610 3798 ἐν
632 3737 682 3817 τῷ
711 3735 786 3817 περὶ
818 3733 1044 3797 Διονυσιακῶν
1074 3727 1215 3814 ἀγώνοιν
1243 3729 1389 3792 laudatur
1419 3730 1450 3791 in

153 3843 253 3910 schol.
277 3866 306 3906 v.
338 3861 417 3926 1403
444 3845 485 3906 de
507 3844 613 3926 primo
638 3843 918 3924 dithyramborum
942 3842 1109 3924 scriptore.
1157 3840 1208 3903 De
1230 3839 1293 3903 hoc
1316 3839 1449 3902 homine

154 3957 254 4019 docto
271 3956 348 4017 dicit
363 3955 535 4018 Muellerus
552 3955 695 4040 [Fragm.
713 3952 834 4015 Histor.
857 3951 969 4014 Graec.
988 3952 1016 4014 ll
1033 3971 1108 4032 pag.
1124 3951 1198 4034 226]
1211 3951 1292 4017 hoc:
1313 3949 1449 4016 »Unani-

155 4067 198 4127 mi
211 4076 359 4128 veternm
372 4085 529 4128 consensu
542 4065 694 4128 intereos
708 4073 900 4136 recensetur,
915 4063 970 4144 qui
983 4062 1163 4144 exquisitae
1176 4061 1343 4124 doctrinae
1355 4061 1450 4144 copia

267 4331 284 4400 ¹)
305 4335 353 4384 llic
372 4333 522 4400 Apollonius
540 4335 657 4399 quisnam
676 4333 761 4392 suerit,
787 4347 838 4380 non
857 4331 945 4396 liquet.
983 4331 1034 4380 cfr.
1054 4330 1172 4382 Stoecker
1201 4331 1256 4380 »De
1275 4330 1407 4396 Sophoclis
1426 4341 1450 4379 et

154 4427 330 4493 Aristophanis
349 4426 526 4494 interpretibus
544 4427 662 4477 Graecis«
685 4442 744 4492 pag.
764 4423 789 4473 8.
826 4425 856 4474 Id
875 4424 957 4474 solum
981 4424 1054 4474 nobis
1079 4423 1194 4474 videmur
1217 4439 1290 4489 posse
1314 4438 1359 4488 pro
1384 4431 1452 4472 certo

153 4521 280 4572 affirmare
299 4537 356 4570 enm
376 4521 452 4570 talem
471 4536 539 4581 esse,
565 4521 608 4584 qui
634 4519 659 4568 in
680 4518 856 4584 Aristophanis
881 4518 972 4568 rabulis
998 4517 1152 4584 explicandis
1177 4525 1287 4566 versatus
1305 4517 1345 4566 sit.
1384 4515 1451 4564 Nam

46 4614 52 4629 “
151 4615 231 4664 etiarn
256 4613 281 4661 in
306 4612 395 4666 scholi.
422 4611 486 4661 Ran.
513 4628 536 4660 v.
556 4625 616 4674 420,
642 4628 666 4662 v.
689 4622 748 4676 5⁰¹.
773 4627 797 4662 v.
816 4609 876 4673 849,
903 4627 925 4659 v.
946 4612 1006 4674 963,
1032 4627 1058 4662 v.
1084 4609 1157 4675 1338,
1183 4627 1206 4659 v.
1229 4619 1294 4671 1437
1321 4607 1450 4673 Apollonii

153 4705 286 4757 cuiusdam
305 4705 443 4754 sententiae
462 4703 604 4766 afferuntur,
624 4720 689 4770 quae
707 4713 792 4770 aperte
810 4703 844 4752 ed
862 4704 1037 4770 Aristophanis
1054 4703 1130 4754 rerba
1149 4703 1281 4770 pertinent.
