3486 5436
30 4602 68 4691 Κ

672 579 883 592 *aa*

135 701 224 764 rebus
245 703 346 783 gestis
369 710 425 766 aut
447 701 560 766 litteris
581 701 768 772 floruerunt.
814 706 980 791 Perpauca
1009 726 1087 772 vero
1118 716 1195 772 sunt
1225 715 1260 771 et
1289 726 1330 770 ea
1357 705 1423 790 ple·
1507 753 1516 774 .

135 829 262 891 rumque
291 811 376 885 talia,
412 831 496 895 quae
531 813 573 875 ad
603 813 672 897 ipsa
704 822 823 897 po'e'tae
854 817 956 880 verba
984 817 1177 901 explicanda
1208 815 1325 881 idonea
1346 817 1420 892 sint,

133 920 215 984 velut
235 941 282 995 ea,
307 941 391 1004 quae
414 921 456 984 de
480 921 624 1003 Diagora
658 923 816 988 dicuntur.
863 926 1020 991 Omnium
1042 945 1121 991 vero
1145 927 1288 991 maxime
1312 925 1420 991 idone·

134 1049 183 1092 um
215 1030 257 1093 ad
291 1031 536 1096 scholiastarum
567 1034 724 1098 rationem
754 1035 972 1100 illustrandam
1002 1036 1160 1102 scholium
1189 1057 1221 1104 v.
1255 1051 1320 1118 997
1354 1045 1420 1112 est,

135 1140 217 1222 quod
248 1139 289 1202 de
318 1141 449 1205 Metone
479 1142 554 1223 agit.
608 1143 692 1208 Nam
722 1165 796 1208 cum
825 1147 858 1209 in
888 1146 997 1210 sabula
1033 1147 1175 1212 Metonis
1209 1147 1288 1212 haec
1321 1147 1422 1211 verba

135 1259 310 1317 exstarent:
346 1241 424 1334 hyn
458 1251 596 1327 Μέτων,
632 1247 672 1318 ὃν
686 1253 691 1266 '
704 1249 791 1319 οἶδεν
822 1247 934 1330 Ἑλλὰς
966 1253 1015 1340 χώ
1048 1255 1206 1334 Κολωνός
1242 1265 1275 1320 et
1308 1277 1351 1319 ex
1384 1257 1421 1320 iis

134 1359 338 1440 Euphronius
368 1361 550 1444 collegisset
587 1363 754 1428 Metonem
788 1375 861 1429 ortu
901 1366 1081 1431 Coloneum
1115 1387 1187 1430 esse
1222 1362 1422 1452 [Εὐφρόνιος

133 1469 172 1542 di,
196 1465 246 1537 ὅτι
268 1479 337 1537 τῶν
358 1473 469 1556 δήμων
491 1466 532 1558 ἦν
554 1471 590 1538 ἐκ
613 1476 797 1560 Κολωνοῦ],
829 1476 910 1540 alius
939 1478 1072 1560 quidam
1103 1477 1260 1560 interpres
1288 1477 1329 1540 de
1358 1475 1420 1540 hac

132 1581 306 1665 Euphronii
337 1584 495 1657 sententia
526 1583 713 1658 dubitabat,
743 1605 841 1667 quam
872 1587 1024 1662 obrem,
1057 1597 1093 1651 ut
1117 1588 1159 1651 de
1182 1607 1221 1650 ea
1243 1603 1278 1650 re
1300 1587 1420 1651 certior

132 1690 235 1764 lieret,
267 1693 452 1756 Philochori
482 1693 598 1757 librum
629 1696 770 1778 inspexit
801 1697 909 1780 itaque
937 1695 1104 1760 Metonem
1141 1717 1207 1761 non
1237 1695 1420 1761 Coloneum

133 1821 199 1863 esse
221 1805 377 1884 cognovit
409 1804 467 1867 sed
491 1803 759 1870 Leuconoensem
790 1808 905 1890 [Τοῦτο
936 1805 970 1872 δὲ
999 1806 1128 1890 ψεῦδος.
1161 1805 1340 1892 Φιλόχορος
1360 1803 1423 1890 yde

133 1910 309 1976 Λεονονοὲα
339 1914 418 1998 φησὶ
449 1909 571 1998 ambul.
619 1915 746 1980 Deinde
777 1937 852 1980 cum
874 1917 1053 2001 Euphronii
1083 1919 1277 1982 sententiam
1307 1916 1420 1981 falsam

132 2042 198 2084 esse
220 2033 403 2106 appareret,
428 2021 627 2088 Callistratus
655 2027 773 2090 e'odem
803 2025 903 2090 modo
932 2028 1009 2108 ipsis
1045 2035 1163 2110 poetae
1193 2027 1301 2092 verbis
1334 2045 1419 2090 com·

21 2153 22 2166 ¹
132 2141 235 2194 motus
271 2134 410 2196 coniecit
443 2133 496 2196 illo
531 2134 604 2198 loco
632 2135 774 2199 Metonis
808 2159 880 2201 esse
914 2134 1073 2221 ἀνάθημά
1105 2160 1138 2205 τι
1178 2133 1421 2222 ἀοτρολογιιιόν

132 2242 223 2326 [nnat
255 2242 289 2306 di
314 2243 559 2328 Καλλίστρατος
589 2241 626 2308 ἒν
648 2247 801 2331 Κολωνῷ
831 2245 990 2332 ἀνάθημά
1019 2269 1052 2313 τι
1073 2243 1154 2312 εἶναι
1176 2243 1281 2313 αὐτοῦ
1304 2242 1419 2332 &nepo

131 2350 288 2436 loytxdvl.
336 2353 402 2416 Sed
427 2374 467 2416 ne
490 2353 553 2418 hoc
576 2355 708 2438 quidem
732 2377 808 2420 vere
831 2357 954 2420 dictum
977 2378 1049 2422 esse
1072 2359 1216 2421 eiusdem
1233 2355 1419 2422 Philochori

129 2461 231 2524 verbis
254 2463 502 2531 demonstratur.
550 2458 593 2548 [Ὁ
615 2465 858 2550 δὲ·Φιλόχορος
881 2465 917 2532 ἐν
940 2470 1091 2552 Κολωνῷ
1113 2467 1173 2552 μὲν
1195 2462 1309 2532 αὐτὸν·
1322 2461 1419 2530 manv

130 2574 232 2635 deluat
262 2571 363 2656 λέγει,
386 2573 440 2638 ἐπὶ
463 2574 627 2657 'inscisione
657 2575 690 2641 δὲ
717 2585 779 2641 τοῦ
808 2576 875 2662 πρὸ
895 2575 1112 2661 ’Πυθοδώρου
1142 2572 1356 2662 ἡλιοτρόπιον
1382 2573 1420 2640 ἐν

128 2683 167 2762 τῇ
190 2689 252 2745 νῦν
274 2680 355 2765 οὔσῃ
375 2681 527 2773 ἐκκλησίᾳ
549 2685 633 2770 πρὸς
655 2690 706 2770 τῷ
727 2688 823 2771 τελχει
846 2689 897 2772 τῷ
917 2684 954 2752 ἓν
982 2691 1024 2771 τῇ
1044 2688 1165 2772 nonnil.
1212 2684 1311 2768 Quod
1339 2703 1418 2748 vero

129 2791 168 2852 de
202 2791 373 2872 lampone
408 2795 542 2869 dicitur,
578 2816 656 2858 sanc
688 2798 730 2859 ad
764 2797 863 2860 verba
896 2817 1008 2861 versus
1044 2811 1101 2878 521
1139 2817 1204 2860 non
1238 2796 1416 2879 pertinent,

128 2901 184 2964 sed
206 2923 281 2964 cum
305 2905 336 2965 in
366 2904 489 2967 scholio
518 2906 604 2972 Nub.
629 2926 660 2969 v.
686 2923 750 2988 332
781 2907 847 2970 lere
878 2907 964 2971 idem
987 2905 1123 2988 legatur,
1153 2906 1217 2971 hoc
1246 2927 1265 2970 e
1293 2905 1418 2968 scholio

127 3011 268 3074 Nubium
304 3014 345 3076 ad
380 3024 525 3078 nostrum
559 3015 667 3079 locum
702 3019 932 3098 transcriptum
969 3037 1041 3082 esse
1074 3015 1247 3082 verisimile
1281 3025 1348 3089 est,
1383 3022 1417 3078 et

127 3123 167 3183 ad
204 3121 292 3184 illum
315 3123 457 3186 Nubium
494 3145 623 3188 versum
656 3128 725 3190 sine
758 3127 858 3191 dubio
892 3148 968 3192 eum
1000 3125 1165 3190 adfinem
1186 3127 1345 3206 interpres
1368 3144 1416 3199 ea,

26 3282 31 3291 .
127 3251 210 3312 quae
243 3233 381 3313 legimus
415 3235 456 3296 de
479 3234 649 3318 Lampone
684 3237 771 3300 urbis
800 3237 1018 3301 Thurinorum
1051 3236 1241 3299 condendae
1275 3243 1416 3308 auctore,

127 3344 286 3422 exposuit,
312 3352 349 3405 ut
359 3343 536 3424 explicaret
549 3365 666 3410 vocem
681 3346 943 3431 θοοριομάντεις.
989 3347 1101 3429 Itaque
1124 3347 1317 3428 interpretes
1332 3345 1417 3408 vete·
1452 3423 1453 3428 ἵ

128 3472 177 3514 res
193 3451 341 3514 videmus
356 3453 549 3535 plerumque
564 3475 630 3518 non
652 3457 713 3520 nisi
736 3468 868 3521 coactos
892 3458 992 3520 libros
1014 3456 1187 3521 historicos
1208 3454 1241 3517 in
1263 3452 1419 3528 auxilium

126 3581 269 3625 vocasse.
315 3563 401 3625 Nam
432 3564 551 3642 multa,
581 3584 666 3646 quae
697 3567 739 3630 de
771 3568 974 3632 Aristocrate
996 3587 1015 3630 e
1037 3565 1231 3646 Thucydide
1255 3573 1288 3629 et
1311 3562 1418 3626 Xeno-

125 3673 248 3753 phonte
280 3671 353 3756 [Cn.
379 3673 482 3737 Kock.
509 3675 550 3737 ad
573 3695 602 3737 v.
631 3689 688 3756 125
713 3679 835 3761 annot]
867 3687 901 3740 et
927 3659 971 3740 ex
996 3677 1111 3741 iisdem
1141 3673 1354 3758 scriptoribus
1377 3675 1418 3738 de

125 3782 305 3866 Theogcne
329 3784 400 3868 [Cir.
426 3784 530 3848 Koclr.
554 3786 596 3848 ad
617 3805 646 3848 v.
674 3790 736 3850 822
759 3789 880 3871 annot]
905 3787 1018 3850 afferre
1040 3793 1226 3870 potuerunt,
1249 3803 1315 3848 non
1336 3792 1419 3848 attu-

124 3894 235 3958 lerunt.
284 3893 379 3976 Quae
408 3916 482 3957 cum
515 3897 559 3959 ita
588 3897 668 3971 sint,
700 3898 765 3960 iam
788 3917 861 3960 eam
890 3898 1067 3971 rationem,
1097 3906 1133 3958 ut
1157 3893 1308 3958 omnibus
1330 3892 1419 3957 libris

124 4004 284 4066 historicis
318 4005 489 4086 diligenter
522 4005 722 4084 perlustratis
756 4016 861 4071 totam
898 4007 1068 4070 hominum
1102 4005 1203 4068 vitam
1238 4021 1420 4083 eorumque

124 4112 210 4176 iacta
233 4123 383 4176 accurate
399 4123 611 4197 exponerent,
634 4126 762 4181 veteres
785 4119 977 4200 interpretes
997 4125 1135 4199 apparet
1150 4113 1242 4198 sequi
1264 4111 1416 4177 noluisse.

123 4222 306 4287 Maluerunt
327 4221 468 4288 lontibus
492 4225 550 4304 uti,
573 4225 616 4287 ad
640 4245 723 4307 quos
746 4227 854 4290 aditus
870 4227 973 4290 multo
996 4225 1154 4290 faciliores
1178 4231 1297 4289 esseut.
1335 4221 1420 4288 Nam

123 4343 231 4397 cetera
253 4334 370 4406 omnia,
395 4354 479 4416 quae
503 4343 679 4411 narrentur,
704 4356 747 4400 ex
769 4337 848 4419 ipsis
871 4336 1050 4401 comoediis
1078 4333 1229 4408 fluxisse,
1260 4352 1300 4396 ea
1322 4352 1365 4396 ex
1386 4351 1421 4396 re

123 4443 213 4506 facile
237 4445 462 4526 cognoscitur,
488 4445 577 4526 quod
599 4445 677 4509 nihil
701 4446 761 4509 nisi
784 4447 953 4510 hominum
977 4447 1055 4510 vitia
1087 4446 1155 4510 sive
1186 4442 1332 4524 corporis
1354 4443 1422 4508 sive

121 4555 219 4618 animi
253 4554 444 4628 afferuntur,
481 4554 588 4640 qualia
621 4557 738 4620 comici
775 4557 807 4619 in
841 4555 957 4621 fabulis
1000 4556 1217 4642 perstringere
1259 4551 1420 4622 solebant.

123 4665 291 4730 Eiusmodi
315 4674 400 4738 sunt,
417 4684 500 4750 quae
522 4666 565 4728 de
579 4664 740 4730 Acestore
762 4688 792 4730 v.
810 4683 863 4746 31,
887 4669 929 4731 de
943 4668 1043 4732 Telea
1065 4686 1095 4730 ν.
1118 4665 1190 4749 167,
1211 4664 1254 4727 de
1269 4662 1422 4750 Sporgilo
